DATE,NO,SECCODE,BUYSELL,TIME,ORDERNO,ACTION,PRICE,VOLUME,TRADENO,TRADEPRICE
20020812,24,RU0009024277,S,103000000,24,1,610,400,,
20020812,26,RU0009024277,S,103000000,26,1,529.99,50,,
20020812,28,RU0009024277,B,103000000,28,1,415,300,,
20020812,54,RU0009024277,S,103000000,54,1,560,200,,
20020812,57,RU0009024277,S,103000000,57,1,570,200,,
20020812,73,RU0009024277,S,103000000,73,1,630,100,,
20020812,86,RU0009024277,S,103000000,86,1,491.2,41,,
20020812,90,RU0009024277,S,103000000,90,1,572,10,,
20020812,105,RU0009024277,S,103000000,105,1,562.84,10,,
20020812,107,RU0009024277,S,103000000,107,1,568.45,10,,
20020812,109,RU0009024277,S,103000000,109,1,515,80,,
20020812,181,RU0009024277,S,103000000,181,1,548.5,1,,
20020812,182,RU0009024277,S,103000000,182,1,497,1000,,
20020812,227,RU0009024277,S,103000000,227,1,519,500,,
20020812,244,RU0009024277,B,103000000,244,1,431.11,10,,
20020812,246,RU0009024277,B,103000000,246,1,436.11,10,,
20020812,247,RU0009024277,B,103000000,247,1,438.11,10,,
20020812,270,RU0009024277,S,103000000,270,1,494.99,500,,
20020812,275,RU0009024277,B,103000000,275,1,450,4,,
20020812,314,RU0009024277,S,103000000,314,1,519.99,50,,
20020812,340,RU0009024277,S,103000000,340,1,498.99,50,,
20020812,352,RU0009024277,S,103000000,352,1,491.99,50,,
20020812,404,RU0009024277,B,103000000,404,1,459.43,9,,
20020812,438,RU0009024277,S,103000000,438,1,492,2000,,
20020812,439,RU0009024277,S,103000000,439,1,495,2000,,
20020812,440,RU0009024277,S,103000000,440,1,520,5000,,
20020812,459,RU0009024277,B,103000000,459,1,440,100,,
20020812,460,RU0009024277,B,103000000,460,1,430,100,,
20020812,474,RU0009024277,S,103000000,474,1,502,10,,
20020812,481,RU0009024277,B,103000000,481,1,480,20,,
20020812,487,RU0009024277,S,103000000,487,1,503,5,,
20020812,512,RU0009024277,B,103000000,512,1,471,3000,,
20020812,523,RU0009024277,S,103000000,523,1,520,1100,,
20020812,527,RU0009024277,S,103000000,527,1,497,1000,,
20020812,541,RU0009024277,S,103000000,541,1,579.99,50,,
20020812,548,RU0009024277,S,103000000,548,1,554.99,50,,
20020812,550,RU0009024277,S,103000000,550,1,559.99,50,,
20020812,553,RU0009024277,S,103000000,553,1,549.99,50,,
20020812,559,RU0009024277,B,103000000,559,1,408.5,10,,
20020812,570,RU0009024277,S,103000000,570,1,566,40,,
20020812,578,RU0009024277,S,103000000,578,1,544.99,50,,
20020812,585,RU0009024277,S,103000000,585,1,534.99,50,,
20020812,590,RU0009024277,S,103000000,590,1,600,300,,
20020812,591,RU0009024277,S,103000000,591,1,580,300,,
20020812,598,RU0009024277,S,103000000,598,1,486,500,,
20020812,622,RU0009024277,S,103000000,622,1,499.99,3000,,
20020812,648,RU0009024277,B,103000000,648,1,481.7,500,,
20020812,703,RU0009024277,S,103000000,703,1,515,2000,,
20020812,789,RU0009024277,S,103000000,789,1,509,2,,
20020812,790,RU0009024277,B,103000000,790,1,471,2,,
20020812,791,RU0009024277,B,103000000,791,1,451,10,,
20020812,812,RU0009024277,B,103000000,812,1,465,50,,
20020812,838,RU0009024277,B,103000000,838,1,480,5000,,
20020812,839,RU0009024277,S,103000000,839,1,495,200,,
20020812,846,RU0009024277,B,103000000,846,1,480,10,,
20020812,847,RU0009024277,S,103000000,847,1,503,1000,,
20020812,857,RU0009024277,S,103000000,857,1,500.95,1000,,
20020812,895,RU0009024277,B,103000000,895,1,457,500,,
20020812,902,RU0009024277,S,103000000,902,1,489.5,20,,
20020812,911,RU0009024277,S,103000000,911,1,515,450,,
20020812,915,RU0009024277,S,103000000,915,1,500.75,400,,
20020812,925,RU0009024277,B,103000000,925,1,470,460,,
20020812,993,RU0009024277,B,103000000,993,1,480.13,754,,
20020812,1009,RU0009024277,B,103000000,1009,1,474,5000,,
20020812,1019,RU0009024277,B,103000000,1019,1,482.02,5,,
20020812,1087,RU0009024277,B,103000000,1087,1,469.89,50,,
20020812,1097,RU0009024277,B,103000000,1097,1,469.89,100,,
20020812,1108,RU0009024277,B,103000000,1108,1,480,1200,,
20020812,1123,RU0009024277,B,103000000,1123,1,480.02,200,,
20020812,1131,RU0009024277,S,103000000,1131,1,499,100,,
20020812,1145,RU0009024277,B,103000000,1145,1,451,1560,,
20020812,1178,RU0009024277,S,103000000,1178,1,500,500,,
20020812,1234,RU0009024277,B,103000000,1234,1,460,2,,
20020812,1246,RU0009024277,S,103000000,1246,1,497,11,,
20020812,1266,RU0009024277,S,103000000,1266,1,500,1000,,
20020812,1280,RU0009024277,B,103000000,1280,1,480,150,,
20020812,1313,RU0009024277,S,103000000,1313,1,490,150,,
20020812,1315,RU0009024277,S,103000000,1315,1,487,500,,
20020812,1323,RU0009024277,B,103000000,1323,1,483,1500,,
20020812,1335,RU0009024277,B,103000000,1335,1,485,1000,,
20020812,1378,RU0009024277,B,103010000,1280,0,480,150,,
20020812,1432,RU0009024277,S,103018000,1407,1,550,387,,
20020812,1435,RU0009024277,S,103019000,1410,1,550,934,,
20020812,1437,RU0009024277,S,103019000,1412,1,550,394,,
20020812,1440,RU0009024277,S,103019000,1415,1,485,1000,,
20020812,1444,RU0009024277,B,103019000,1335,2,485,1000,29844790,485
20020812,1445,RU0009024277,S,103019000,1415,2,485,1000,29844790,485
20020812,1456,RU0009024277,B,103021000,1425,1,485,10,,
20020812,1465,RU0009024277,S,103022000,1432,1,650,184,,
20020812,1512,RU0009024277,S,103026000,1467,1,485,200,,
20020812,1525,RU0009024277,B,103026000,1425,2,485,10,29844801,485
20020812,1526,RU0009024277,S,103026000,1467,2,485,10,29844801,485
20020812,1548,RU0009024277,S,103028000,1483,1,590,300,,
20020812,1564,RU0009024277,S,103029000,1492,1,487,1000,,
20020812,1570,RU0009024277,B,103030000,1495,1,458,43,,
20020812,1576,RU0009024277,S,103031000,1499,1,597,5,,
20020812,1579,RU0009024277,B,103031000,1502,1,430,25,,
20020812,1623,RU0009024277,B,103034000,1529,1,474.03,500,,
20020812,1678,RU0009024277,B,103039000,1574,1,0,70,,
20020812,1686,RU0009024277,B,103039000,1574,2,0,70,29844818,485
20020812,1687,RU0009024277,S,103039000,1467,2,485,70,29844818,485
20020812,1702,RU0009024277,S,103041000,1590,1,506,10,,
20020812,1716,RU0009024277,S,103043000,1601,1,560,4,,
20020812,1722,RU0009024277,S,103044000,270,0,494.99,500,,
20020812,1738,RU0009024277,S,103046000,598,0,486,500,,
20020812,1750,RU0009024277,B,103047000,1622,1,483.01,50,,
20020812,1757,RU0009024277,B,103048000,1629,1,474.01,1000,,
20020812,1796,RU0009024277,S,103052000,1646,1,483,500,,
20020812,1800,RU0009024277,B,103052000,1622,2,483.01,50,29844829,483.01
20020812,1801,RU0009024277,S,103052000,1646,2,483,50,29844829,483.01
20020812,1802,RU0009024277,B,103052000,1323,2,483,450,29844830,483
20020812,1803,RU0009024277,S,103052000,1646,2,483,450,29844830,483
20020812,1816,RU0009024277,S,103053000,1653,1,483,400,,
20020812,1823,RU0009024277,B,103053000,1323,2,483,400,29844835,483
20020812,1824,RU0009024277,S,103053000,1653,2,483,400,29844835,483
20020812,1842,RU0009024277,B,103055000,1668,1,476,250,,
20020812,1856,RU0009024277,B,103059000,895,0,457,500,,
20020812,1889,RU0009024277,S,103104000,1704,1,499,50,,
20020812,1946,RU0009024277,B,103110000,1735,1,474.03,27,,
20020812,1960,RU0009024277,S,103111000,1738,1,494,50,,
20020812,1995,RU0009024277,B,103113000,1757,1,480.01,94,,
20020812,1999,RU0009024277,S,103115000,1313,0,490,150,,
20020812,2044,RU0009024277,S,103122000,1795,1,491.99,150,,
20020812,2049,RU0009024277,B,103123000,1529,0,474.03,500,,
20020812,2055,RU0009024277,S,103123000,1804,1,483,500,,
20020812,2057,RU0009024277,B,103123000,1323,2,483,500,29844864,483
20020812,2058,RU0009024277,S,103123000,1804,2,483,500,29844864,483
20020812,2063,RU0009024277,S,103124000,1809,1,489,2800,,
20020812,2064,RU0009024277,S,103124000,1810,1,484.98,50,,
20020812,2094,RU0009024277,S,103129000,1827,1,523,60,,
20020812,2107,RU0009024277,B,103129000,512,0,471,3000,,
20020812,2124,RU0009024277,B,103132000,1845,1,473.37,500,,
20020812,2156,RU0009024277,B,103135000,1866,1,480.01,500,,
20020812,2179,RU0009024277,S,103141000,1884,1,491.99,100,,
20020812,2220,RU0009024277,B,103151000,1757,0,480.01,94,,
20020812,2235,RU0009024277,B,103153000,1916,1,480.03,94,,
20020812,2248,RU0009024277,B,103156000,1925,1,482,5,,
20020812,2299,RU0009024277,S,103206000,703,0,515,2000,,
20020812,2326,RU0009024277,S,103211000,1976,1,486.95,2000,,
20020812,2352,RU0009024277,B,103216000,1916,0,480.03,94,,
20020812,2358,RU0009024277,B,103217000,648,0,481.7,500,,
20020812,2365,RU0009024277,B,103219000,2002,1,483,94,,
20020812,2393,RU0009024277,S,103225000,2023,1,483,15,,
20020812,2396,RU0009024277,B,103225000,1323,2,483,15,29844888,483
20020812,2397,RU0009024277,S,103225000,2023,2,483,15,29844888,483
20020812,2417,RU0009024277,S,103227000,2026,1,487,1000,,
20020812,2433,RU0009024277,B,103231000,2037,1,472,100,,
20020812,2444,RU0009024277,B,103233000,2043,1,480.2,500,,
20020812,2472,RU0009024277,B,103239000,925,0,470,460,,
20020812,2473,RU0009024277,S,103239000,2058,1,515,189,,
20020812,2500,RU0009024277,B,103244000,2078,1,472,15,,
20020812,2508,RU0009024277,S,103246000,2086,1,490,5000,,
20020812,2531,RU0009024277,B,103252000,2099,1,480.25,460,,
20020812,2539,RU0009024277,B,103253000,2102,1,480,250,,
20020812,2541,RU0009024277,B,103254000,2103,1,482,200,,
20020812,2566,RU0009024277,B,103259000,2002,0,483,94,,
20020812,2569,RU0009024277,S,103300000,622,0,499.99,3000,,
20020812,2573,RU0009024277,B,103301000,2123,1,483.01,94,,
20020812,2589,RU0009024277,B,103303000,2132,1,478,3000,,
20020812,2611,RU0009024277,B,103308000,2103,0,482,200,,
20020812,2644,RU0009024277,S,103312000,1976,0,486.95,2000,,
20020812,2664,RU0009024277,S,103316000,2180,1,488.95,2000,,
20020812,2691,RU0009024277,S,103324000,2199,1,484.9,100,,
20020812,2692,RU0009024277,S,103324000,2200,1,484.95,1000,,
20020812,2694,RU0009024277,S,103324000,2202,1,485,1000,,
20020812,2722,RU0009024277,B,103331000,2220,1,469.1,50,,
20020812,2795,RU0009024277,B,103346000,2123,0,483.01,94,,
20020812,2807,RU0009024277,B,103348000,2275,1,483.5,94,,
20020812,2835,RU0009024277,S,103353000,2285,1,484.9,10,,
20020812,2866,RU0009024277,S,103400000,2303,1,483,100,,
20020812,2869,RU0009024277,B,103400000,2275,2,483.5,94,29844933,483.5
20020812,2870,RU0009024277,S,103400000,2303,2,483,94,29844933,483.5
20020812,2871,RU0009024277,B,103400000,1323,2,483,6,29844934,483
20020812,2872,RU0009024277,S,103400000,2303,2,483,6,29844934,483
20020812,2949,RU0009024277,B,103418000,2351,1,476,100,,
20020812,2957,RU0009024277,S,103419000,2355,1,487,5000,,
20020812,2972,RU0009024277,S,103421000,2200,0,484.95,1000,,
20020812,3005,RU0009024277,S,103427000,2380,1,483,100,,
20020812,3006,RU0009024277,S,103427000,2381,1,484.75,1000,,
20020812,3007,RU0009024277,B,103427000,1323,2,483,100,29844951,483
20020812,3008,RU0009024277,S,103427000,2380,2,483,100,29844951,483
20020812,3042,RU0009024277,B,103435000,2408,1,472,61,,
20020812,3170,RU0009024277,S,103453000,2467,1,500,1000,,
20020812,3206,RU0009024277,B,103500000,2489,1,480.01,200,,
20020812,3268,RU0009024277,S,103512000,1467,0,485,120,,
20020812,3291,RU0009024277,S,103516000,2535,1,484.7,50,,
20020812,3294,RU0009024277,S,103517000,2467,0,500,1000,,
20020812,3295,RU0009024277,B,103517000,2538,1,476,500,,
20020812,3299,RU0009024277,S,103518000,2541,1,483,120,,
20020812,3301,RU0009024277,B,103518000,1323,2,483,29,29844989,483
20020812,3302,RU0009024277,S,103518000,2541,2,483,29,29844989,483
20020812,3305,RU0009024277,S,103520000,2544,1,486.99,94,,
20020812,3321,RU0009024277,S,103524000,2553,1,499,31,,
20020812,3327,RU0009024277,S,103525000,2558,1,484,3000,,
20020812,3345,RU0009024277,S,103529000,2567,1,489,500,,
20020812,3358,RU0009024277,B,103533000,2573,1,476,500,,
20020812,3383,RU0009024277,S,103538000,2535,0,484.7,50,,
20020812,3401,RU0009024277,B,103542000,2489,0,480.01,200,,
20020812,3408,RU0009024277,S,103544000,2602,1,483.7,2000,,
20020812,3506,RU0009024277,B,103554000,2634,1,483,200,,
20020812,3509,RU0009024277,B,103554000,2634,2,483,91,29845028,483
20020812,3510,RU0009024277,S,103554000,2541,2,483,91,29845028,483
20020812,3515,RU0009024277,B,103557000,2637,1,481,1000,,
20020812,3558,RU0009024277,S,103603000,2654,1,495,1000,,
20020812,3573,RU0009024277,S,103606000,2666,1,483,109,,
20020812,3575,RU0009024277,B,103606000,2634,2,483,109,29845038,483
20020812,3576,RU0009024277,S,103606000,2666,2,483,109,29845038,483
20020812,3664,RU0009024277,B,103624000,1668,0,476,250,,
20020812,3672,RU0009024277,B,103625000,2719,1,481.01,109,,
20020812,3673,RU0009024277,S,103625000,2720,1,483.6,1000,,
20020812,3675,RU0009024277,S,103626000,2722,1,483.5,2500,,
20020812,3683,RU0009024277,S,103628000,2727,1,486.99,2000,,
20020812,3712,RU0009024277,B,103632000,838,0,480,5000,,
20020812,3715,RU0009024277,B,103633000,2743,1,477,250,,
20020812,3725,RU0009024277,S,103634000,2751,1,483.5,15,,
20020812,3739,RU0009024277,B,103637000,2637,0,481,1000,,
20020812,3741,RU0009024277,B,103637000,2759,1,477,5000,,
20020812,3747,RU0009024277,B,103639000,2764,1,470.01,1,,
20020812,3766,RU0009024277,B,103644000,2774,1,480.01,90,,
20020812,3768,RU0009024277,B,103644000,2776,1,480,1000,,
20020812,3801,RU0009024277,S,103648000,2796,1,483.5,1,,
20020812,3813,RU0009024277,B,103651000,2802,1,482,5,,
20020812,3835,RU0009024277,B,103654000,2816,1,478,49,,
20020812,3861,RU0009024277,S,103700000,2830,1,497,1000,,
20020812,3867,RU0009024277,B,103701000,2834,1,480.01,50,,
20020812,3881,RU0009024277,B,103705000,2847,1,480.01,1,,
20020812,3911,RU0009024277,B,103710000,1845,0,473.37,500,,
20020812,3915,RU0009024277,S,103712000,2868,1,495,216,,
20020812,3945,RU0009024277,B,103720000,2883,1,460.01,1,,
20020812,3946,RU0009024277,B,103721000,2884,1,471.77,530,,
20020812,3952,RU0009024277,B,103722000,2887,1,480.01,20,,
20020812,3990,RU0009024277,B,103728000,2905,1,465.01,1,,
20020812,4015,RU0009024277,B,103736000,2921,1,473.01,1,,
20020812,4043,RU0009024277,S,103743000,2935,1,483.4,250,,
20020812,4045,RU0009024277,B,103744000,2937,1,480,4000,,
20020812,4047,RU0009024277,B,103745000,2939,1,463.01,1,,
20020812,4074,RU0009024277,S,103753000,2720,0,483.6,1000,,
20020812,4080,RU0009024277,B,103754000,2959,1,479,4000,,
20020812,4091,RU0009024277,S,103756000,2722,0,483.5,2500,,
20020812,4110,RU0009024277,B,103801000,2776,0,480,1000,,
20020812,4111,RU0009024277,B,103801000,1925,0,482,5,,
20020812,4123,RU0009024277,B,103803000,2978,1,455.01,1,,
20020812,4129,RU0009024277,B,103805000,2984,1,481,1000,,
20020812,4130,RU0009024277,B,103805000,2985,1,478.1,200,,
20020812,4142,RU0009024277,B,103808000,2994,1,481.1,52,,
20020812,4168,RU0009024277,S,103819000,3013,1,483.4,250,,
20020812,4190,RU0009024277,S,103826000,3024,1,482,10,,
20020812,4193,RU0009024277,B,103826000,1019,2,482.02,5,29845105,482.02
20020812,4194,RU0009024277,S,103826000,3024,2,482,5,29845105,482.02
20020812,4195,RU0009024277,B,103826000,2802,2,482,5,29845106,482
20020812,4196,RU0009024277,S,103826000,3024,2,482,5,29845106,482
20020812,4203,RU0009024277,B,103827000,3029,1,475,2000,,
20020812,4225,RU0009024277,B,103833000,3042,1,470,300,,
20020812,4234,RU0009024277,S,103836000,3050,1,483,90,,
20020812,4254,RU0009024277,S,103843000,3059,1,500,1,,
20020812,4343,RU0009024277,B,103900000,3100,1,481.01,5,,
20020812,4369,RU0009024277,B,103905000,3119,1,481.1,1000,,
20020812,4380,RU0009024277,B,103908000,3126,1,481.2,100,,
20020812,4389,RU0009024277,B,103909000,3133,1,460,100,,
20020812,4413,RU0009024277,B,103913000,3144,1,465,100,,
20020812,4539,RU0009024277,S,103938000,3209,1,482.99,2500,,
20020812,4632,RU0009024277,B,103956000,3263,1,481.2,200,,
20020812,4653,RU0009024277,B,104001000,3277,1,481.21,30,,
20020812,4691,RU0009024277,B,104007000,3288,1,0,100,,
20020812,4692,RU0009024277,B,104007000,3288,2,0,100,29845183,482.99
20020812,4693,RU0009024277,S,104007000,3209,2,482.99,100,29845183,482.99
20020812,4725,RU0009024277,B,104017000,3126,0,481.2,100,,
20020812,4727,RU0009024277,B,104017000,3316,1,482,15,,
20020812,4751,RU0009024277,B,104022000,3327,1,482,100,,
20020812,4777,RU0009024277,B,104026000,3144,0,465,100,,
20020812,4853,RU0009024277,B,104039000,3376,1,475,510,,
20020812,4863,RU0009024277,B,104041000,993,0,480.13,754,,
20020812,4903,RU0009024277,B,104050000,3263,0,481.2,200,,
20020812,4967,RU0009024277,S,104101000,3430,1,483.7,53,,
20020812,4990,RU0009024277,B,104109000,3443,1,481.2,20,,
20020812,4991,RU0009024277,B,104109000,3444,1,481.22,754,,
20020812,5024,RU0009024277,B,104120000,3327,0,482,100,,
20020812,5034,RU0009024277,B,104122000,3476,1,480.25,10,,
20020812,5042,RU0009024277,B,104123000,3277,0,481.21,30,,
20020812,5046,RU0009024277,B,104126000,3482,1,481.23,30,,
20020812,5102,RU0009024277,S,104139000,3512,1,500,50,,
20020812,5174,RU0009024277,B,104151000,3543,1,483,100,,
20020812,5175,RU0009024277,B,104151000,3543,2,483,100,29845254,482.99
20020812,5176,RU0009024277,S,104151000,3209,2,482.99,100,29845254,482.99
20020812,5178,RU0009024277,B,104152000,2994,0,481.1,52,,
20020812,5192,RU0009024277,B,104154000,3552,1,482,52,,
20020812,5276,RU0009024277,S,104213000,3209,0,482.99,2300,,
20020812,5299,RU0009024277,B,104219000,2719,0,481.01,109,,
20020812,5316,RU0009024277,B,104223000,2099,0,480.25,460,,
20020812,5321,RU0009024277,B,104224000,3622,1,483,100,,
20020812,5322,RU0009024277,B,104224000,3622,2,483,90,29845271,483
20020812,5323,RU0009024277,S,104224000,3050,2,483,90,29845271,483
20020812,5366,RU0009024277,S,104232000,2796,0,483.5,1,,
20020812,5371,RU0009024277,B,104234000,3646,1,482.99,15,,
20020812,5373,RU0009024277,S,104234000,3648,1,483,100,,
20020812,5375,RU0009024277,B,104234000,3622,2,483,10,29845279,483
20020812,5376,RU0009024277,S,104234000,3648,2,483,10,29845279,483
20020812,5417,RU0009024277,B,104240000,3670,1,483,50,,
20020812,5419,RU0009024277,B,104240000,3670,2,483,50,29845284,483
20020812,5420,RU0009024277,S,104240000,3648,2,483,50,29845284,483
20020812,5463,RU0009024277,S,104251000,3648,0,483,40,,
20020812,5469,RU0009024277,B,104253000,3695,1,481.3,562,,
20020812,5484,RU0009024277,B,104255000,3476,0,480.25,10,,
20020812,5487,RU0009024277,S,104255000,3708,1,482.99,40,,
20020812,5489,RU0009024277,B,104255000,3646,2,482.99,15,29845292,482.99
20020812,5490,RU0009024277,S,104255000,3708,2,482.99,15,29845292,482.99
20020812,5493,RU0009024277,B,104256000,3710,1,482.99,50,,
20020812,5497,RU0009024277,B,104256000,3710,2,482.99,25,29845293,482.99
20020812,5498,RU0009024277,S,104256000,3708,2,482.99,25,29845293,482.99
20020812,5500,RU0009024277,B,104258000,3119,0,481.1,1000,,
20020812,5505,RU0009024277,B,104302000,3716,1,481.5,1000,,
20020812,5514,RU0009024277,B,104304000,3482,0,481.23,30,,
20020812,5577,RU0009024277,B,104318000,3695,0,481.3,562,,
20020812,5599,RU0009024277,B,104323000,3760,1,482,562,,
20020812,5642,RU0009024277,S,104334000,2180,0,488.95,2000,,
20020812,5643,RU0009024277,S,104334000,3785,1,487.3,1,,
20020812,5649,RU0009024277,B,104336000,3710,0,482.99,25,,
20020812,5661,RU0009024277,S,104337000,3795,1,488.95,1000,,
20020812,5686,RU0009024277,B,104341000,3811,1,484.75,2,,
20020812,5690,RU0009024277,B,104341000,3811,2,484.75,2,29845317,483.4
20020812,5691,RU0009024277,S,104341000,2935,2,483.4,2,29845317,483.4
20020812,5701,RU0009024277,B,104345000,3818,1,483.4,25,,
20020812,5705,RU0009024277,B,104345000,3818,2,483.4,25,29845319,483.4
20020812,5706,RU0009024277,S,104345000,2935,2,483.4,25,29845319,483.4
20020812,5775,RU0009024277,B,104352000,3760,0,482,562,,
20020812,5830,RU0009024277,B,104405000,3877,1,482.01,30,,
20020812,5852,RU0009024277,B,104409000,3444,0,481.22,754,,
20020812,5861,RU0009024277,B,104410000,3896,1,481.02,562,,
20020812,5887,RU0009024277,S,104412000,3906,1,483.5,1,,
20020812,5898,RU0009024277,B,104415000,3913,1,481.02,754,,
20020812,5944,RU0009024277,B,104424000,3913,0,481.02,754,,
20020812,5967,RU0009024277,B,104428000,3942,1,481.05,754,,
20020812,6017,RU0009024277,S,104440000,2602,0,483.7,2000,,
20020812,6035,RU0009024277,B,104444000,3977,1,481,100,,
20020812,6080,RU0009024277,S,104456000,4003,1,483,1000,,
20020812,6110,RU0009024277,B,104503000,4017,1,483,1000,,
20020812,6111,RU0009024277,B,104503000,4017,2,483,1000,29845386,483
20020812,6112,RU0009024277,S,104503000,4003,2,483,1000,29845386,483
20020812,6132,RU0009024277,B,104509000,4028,1,482.01,100,,
20020812,6133,RU0009024277,B,104509000,4029,1,467.02,10,,
20020812,6196,RU0009024277,B,104523000,4062,1,482.01,40,,
20020812,6208,RU0009024277,S,104528000,4067,1,482.4,1,,
20020812,6263,RU0009024277,B,104539000,4094,1,482.01,15,,
20020812,6292,RU0009024277,B,104544000,4108,1,482.4,1000,,
20020812,6296,RU0009024277,B,104544000,4108,2,482.4,1,29845409,482.4
20020812,6297,RU0009024277,S,104544000,4067,2,482.4,1,29845409,482.4
20020812,6325,RU0009024277,S,104550000,4122,1,484.99,999,,
20020812,6328,RU0009024277,B,104551000,3877,0,482.01,30,,
20020812,6343,RU0009024277,S,104557000,4122,0,484.99,999,,
20020812,6353,RU0009024277,S,104559000,4141,1,483.4,200,,
20020812,6375,RU0009024277,S,104603000,4150,1,485.9,1000,,
20020812,6390,RU0009024277,B,104606000,4160,1,483,250,,
20020812,6392,RU0009024277,B,104607000,4162,1,477,5,,
20020812,6403,RU0009024277,B,104610000,4169,1,482.4,40,,
20020812,6414,RU0009024277,B,104614000,1108,0,480,1200,,
20020812,6430,RU0009024277,S,104617000,4185,1,483,1000,,
20020812,6433,RU0009024277,B,104617000,4160,2,483,250,29845421,483
20020812,6434,RU0009024277,S,104617000,4185,2,483,250,29845421,483
20020812,6446,RU0009024277,B,104620000,4197,1,481,1200,,
20020812,6449,RU0009024277,S,104621000,4200,1,486.8,400,,
20020812,6478,RU0009024277,S,104631000,4216,1,596,234,,
20020812,6495,RU0009024277,B,104633000,4222,1,483,20,,
20020812,6496,RU0009024277,B,104633000,4222,2,483,20,29845430,483
20020812,6497,RU0009024277,S,104633000,4185,2,483,20,29845430,483
20020812,6515,RU0009024277,B,104641000,2043,0,480.2,500,,
20020812,6516,RU0009024277,S,104642000,4216,0,596,234,,
20020812,6527,RU0009024277,B,104646000,3316,0,482,15,,
20020812,6536,RU0009024277,S,104651000,4244,1,506,234,,
20020812,6579,RU0009024277,B,104705000,4108,0,482.4,999,,
20020812,6599,RU0009024277,B,104710000,4280,1,483,999,,
20020812,6600,RU0009024277,B,104710000,4280,2,483,730,29845435,483
20020812,6601,RU0009024277,S,104710000,4185,2,483,730,29845435,483
20020812,6638,RU0009024277,S,104727000,4305,1,483,1000,,
20020812,6640,RU0009024277,B,104727000,4280,2,483,269,29845437,483
20020812,6641,RU0009024277,S,104727000,4305,2,483,269,29845437,483
20020812,6671,RU0009024277,B,104739000,3896,0,481.02,562,,
20020812,6673,RU0009024277,B,104740000,2774,0,480.01,90,,
20020812,6685,RU0009024277,B,104744000,4333,1,483,562,,
20020812,6687,RU0009024277,B,104744000,4333,2,483,562,29845442,483
20020812,6688,RU0009024277,S,104744000,4305,2,483,562,29845442,483
20020812,6719,RU0009024277,S,104755000,3430,0,483.7,53,,
20020812,6777,RU0009024277,B,104810000,2132,0,478,3000,,
20020812,6781,RU0009024277,B,104812000,4373,1,483,400,,
20020812,6782,RU0009024277,B,104812000,4373,2,483,169,29845457,483
20020812,6783,RU0009024277,S,104812000,4305,2,483,169,29845457,483
20020812,6786,RU0009024277,S,104813000,4375,1,484.7,250,,
20020812,6790,RU0009024277,B,104815000,4379,1,478,1000,,
20020812,6822,RU0009024277,S,104824000,4395,1,509,100,,
20020812,6831,RU0009024277,S,104827000,4398,1,483,1000,,
20020812,6833,RU0009024277,S,104827000,4400,1,484.7,250,,
20020812,6834,RU0009024277,B,104827000,4373,2,483,231,29845462,483
20020812,6835,RU0009024277,S,104827000,4398,2,483,231,29845462,483
20020812,6857,RU0009024277,B,104836000,4413,1,470,2000,,
20020812,6890,RU0009024277,B,104840000,4424,1,483,15,,
20020812,6897,RU0009024277,B,104840000,4424,2,483,15,29845477,483
20020812,6898,RU0009024277,S,104840000,4398,2,483,15,29845477,483
20020812,6916,RU0009024277,B,104846000,4433,1,456.5,500,,
20020812,6938,RU0009024277,S,104856000,4446,1,515,5000,,
20020812,7124,RU0009024277,B,104958000,4552,1,471,2000,,
20020812,7155,RU0009024277,S,105010000,4566,1,484.7,200,,
20020812,7197,RU0009024277,S,105030000,4587,1,485.7,200,,
20020812,7225,RU0009024277,B,105052000,4602,1,465.4,25,,
20020812,7292,RU0009024277,S,105122000,4640,1,498,15,,
20020812,7434,RU0009024277,S,105236000,4725,1,482.99,20,,
20020812,7485,RU0009024277,S,105310000,4751,1,485,100,,
20020812,7491,RU0009024277,S,105314000,4753,1,484,11,,
20020812,7548,RU0009024277,B,105331000,4777,1,482.5,900,,
20020812,7576,RU0009024277,S,105347000,4788,1,484.45,20,,
20020812,7656,RU0009024277,S,105421000,4830,1,482.5,900,,
20020812,7657,RU0009024277,B,105421000,4777,2,482.5,900,29845569,482.5
20020812,7658,RU0009024277,S,105421000,4830,2,482.5,900,29845569,482.5
20020812,7740,RU0009024277,S,105447000,4865,1,483.5,900,,
20020812,7783,RU0009024277,B,105501000,4889,1,482.5,430,,
20020812,7797,RU0009024277,S,105506000,4894,1,482.01,1,,
20020812,7799,RU0009024277,B,105506000,4889,2,482.5,1,29845592,482.5
20020812,7800,RU0009024277,S,105506000,4894,2,482.01,1,29845592,482.5
20020812,7880,RU0009024277,B,105524000,3443,0,481.2,20,,
20020812,7967,RU0009024277,B,105546000,4969,1,482.99,20,,
20020812,7972,RU0009024277,B,105546000,4969,2,482.99,20,29845628,482.99
20020812,7973,RU0009024277,S,105546000,4725,2,482.99,20,29845628,482.99
20020812,8044,RU0009024277,S,105603000,5002,1,483,1,,
20020812,8059,RU0009024277,S,105609000,5007,1,482.99,20,,
20020812,8073,RU0009024277,S,105611000,2285,0,484.9,10,,
20020812,8108,RU0009024277,S,105624000,5037,1,482.98,10,,
20020812,8157,RU0009024277,S,105637000,5002,0,483,1,,
20020812,8409,RU0009024277,S,105726000,5161,1,482.5,42,,
20020812,8411,RU0009024277,B,105726000,4889,2,482.5,42,29845714,482.5
20020812,8412,RU0009024277,S,105726000,5161,2,482.5,42,29845714,482.5
20020812,8453,RU0009024277,S,105733000,5182,1,482,1,,
20020812,8456,RU0009024277,B,105733000,4889,2,482.5,1,29845723,482.5
20020812,8457,RU0009024277,S,105733000,5182,2,482,1,29845723,482.5
20020812,8472,RU0009024277,S,105737000,4398,0,483,754,,
20020812,8498,RU0009024277,S,105742000,5202,1,482.01,600,,
20020812,8500,RU0009024277,B,105742000,4889,2,482.5,386,29845732,482.5
20020812,8501,RU0009024277,S,105742000,5202,2,482.01,386,29845732,482.5
20020812,8502,RU0009024277,B,105742000,4169,2,482.4,40,29845733,482.4
20020812,8503,RU0009024277,S,105742000,5202,2,482.01,40,29845733,482.4
20020812,8504,RU0009024277,B,105742000,4028,2,482.01,100,29845734,482.01
20020812,8505,RU0009024277,S,105742000,5202,2,482.01,100,29845734,482.01
20020812,8506,RU0009024277,B,105742000,4062,2,482.01,40,29845735,482.01
20020812,8507,RU0009024277,S,105742000,5202,2,482.01,40,29845735,482.01
20020812,8508,RU0009024277,B,105742000,4094,2,482.01,15,29845736,482.01
20020812,8509,RU0009024277,S,105742000,5202,2,482.01,15,29845736,482.01
20020812,8542,RU0009024277,S,105748000,5218,1,482,754,,
20020812,8544,RU0009024277,B,105748000,3552,2,482,52,29845744,482
20020812,8545,RU0009024277,S,105748000,5218,2,482,52,29845744,482
20020812,8555,RU0009024277,B,105752000,5227,1,480.01,250,,
20020812,8560,RU0009024277,S,105753000,5229,1,481.5,1000,,
20020812,8561,RU0009024277,B,105753000,3716,2,481.5,1000,29845746,481.5
20020812,8562,RU0009024277,S,105753000,5229,2,481.5,1000,29845746,481.5
20020812,8636,RU0009024277,S,105811000,5269,1,481.99,10,,
20020812,8637,RU0009024277,S,105812000,5270,1,483.39,20,,
20020812,8837,RU0009024277,S,105922000,5383,1,481.05,50,,
20020812,8838,RU0009024277,B,105922000,3942,2,481.05,50,29845782,481.05
20020812,8839,RU0009024277,S,105922000,5383,2,481.05,50,29845782,481.05
20020812,8872,RU0009024277,S,105929000,5202,0,482.01,19,,
20020812,8885,RU0009024277,S,105936000,5402,1,481.05,704,,
20020812,8887,RU0009024277,B,105936000,3942,2,481.05,704,29845792,481.05
20020812,8888,RU0009024277,S,105936000,5402,2,481.05,704,29845792,481.05
20020812,8905,RU0009024277,S,105941000,5410,1,481.01,19,,
20020812,8908,RU0009024277,B,105941000,3100,2,481.01,5,29845798,481.01
20020812,8909,RU0009024277,S,105941000,5410,2,481.01,5,29845798,481.01
20020812,8911,RU0009024277,B,105942000,275,0,450,4,,
20020812,8916,RU0009024277,S,105944000,4865,0,483.5,900,,
20020812,8917,RU0009024277,S,105944000,5414,1,483.39,500,,
20020812,8921,RU0009024277,B,105946000,1234,0,460,2,,
20020812,8922,RU0009024277,S,105946000,5416,1,481.99,10,,
20020812,8923,RU0009024277,B,105946000,5417,1,430,4,,
20020812,8928,RU0009024277,S,105947000,5414,0,483.39,500,,
20020812,8962,RU0009024277,B,105954000,5434,1,478.01,1,,
20020812,8964,RU0009024277,S,105955000,5410,0,481.01,14,,
20020812,8968,RU0009024277,S,105955000,5439,1,482.4,200,,
20020812,8983,RU0009024277,B,105959000,5446,1,482,10,,
20020812,8984,RU0009024277,B,105959000,5446,2,482,10,29845807,481.99
20020812,8985,RU0009024277,S,105959000,5269,2,481.99,10,29845807,481.99
20020812,9003,RU0009024277,B,110001000,5452,1,478.11,50,,
20020812,9006,RU0009024277,S,110001000,5455,1,483,900,,
20020812,9019,RU0009024277,S,110004000,5462,1,540,10,,
20020812,9029,RU0009024277,S,110007000,5469,1,481,14,,
20020812,9031,RU0009024277,B,110007000,2984,2,481,14,29845818,481
20020812,9032,RU0009024277,S,110007000,5469,2,481,14,29845818,481
20020812,9053,RU0009024277,S,110013000,5479,1,482.4,200,,
20020812,9068,RU0009024277,S,110020000,5489,1,497,100,,
20020812,9074,RU0009024277,S,110023000,5479,0,482.4,200,,
20020812,9086,RU0009024277,B,110026000,5497,1,481.01,300,,
20020812,9091,RU0009024277,S,110027000,5500,1,482.4,250,,
20020812,9116,RU0009024277,B,110036000,5227,0,480.01,250,,
20020812,9124,RU0009024277,B,110040000,5519,1,481.01,250,,
20020812,9153,RU0009024277,S,110046000,5536,1,482.4,250,,
20020812,9259,RU0009024277,S,110109000,5577,1,506,60,,
20020812,9262,RU0009024277,S,110109000,5580,1,481.01,500,,
20020812,9273,RU0009024277,B,110109000,5497,2,481.01,300,29845865,481.01
20020812,9274,RU0009024277,S,110109000,5580,2,481.01,300,29845865,481.01
20020812,9275,RU0009024277,B,110109000,5519,2,481.01,200,29845866,481.01
20020812,9276,RU0009024277,S,110109000,5580,2,481.01,200,29845866,481.01
20020812,9280,RU0009024277,B,110111000,5583,1,480.02,100,,
20020812,9284,RU0009024277,B,110113000,5585,1,480.02,1,,
20020812,9335,RU0009024277,B,110125000,5585,0,480.02,1,,
20020812,9340,RU0009024277,B,110127000,5613,1,478,4000,,
20020812,9377,RU0009024277,B,110136000,5629,1,0,5,,
20020812,9379,RU0009024277,B,110136000,5629,2,0,5,29845884,481.99
20020812,9380,RU0009024277,S,110136000,5416,2,481.99,5,29845884,481.99
20020812,9383,RU0009024277,S,110137000,2026,0,487,1000,,
20020812,9386,RU0009024277,B,110137000,5633,1,480.03,1,,
20020812,9420,RU0009024277,S,110149000,5652,1,0,500,,
20020812,9421,RU0009024277,B,110149000,5519,2,481.01,50,29845890,481.01
20020812,9422,RU0009024277,S,110149000,5652,2,0,50,29845890,481.01
20020812,9423,RU0009024277,B,110149000,2984,2,481,450,29845891,481
20020812,9424,RU0009024277,S,110149000,5652,2,0,450,29845891,481
20020812,9438,RU0009024277,S,110155000,5660,1,482,500,,
20020812,9455,RU0009024277,S,110200000,5660,0,482,500,,
20020812,9463,RU0009024277,S,110203000,5218,0,482,702,,
20020812,9476,RU0009024277,S,110207000,5681,1,481.99,5,,
20020812,9500,RU0009024277,B,110213000,2102,0,480,250,,
20020812,9501,RU0009024277,B,110213000,5692,1,479.01,500,,
20020812,9508,RU0009024277,B,110215000,5697,1,480.03,500,,
20020812,9531,RU0009024277,S,110220000,5710,1,485,36,,
20020812,9532,RU0009024277,S,110220000,5711,1,481,1702,,
20020812,9533,RU0009024277,B,110220000,2984,2,481,536,29845902,481
20020812,9534,RU0009024277,S,110220000,5711,2,481,536,29845902,481
20020812,9535,RU0009024277,B,110220000,3977,2,481,100,29845903,481
20020812,9536,RU0009024277,S,110220000,5711,2,481,100,29845903,481
20020812,9537,RU0009024277,B,110220000,4197,2,481,1066,29845904,481
20020812,9538,RU0009024277,S,110220000,5711,2,481,1066,29845904,481
20020812,9629,RU0009024277,S,110242000,5746,1,481,134,,
20020812,9630,RU0009024277,B,110242000,5747,1,480.05,50,,
20020812,9631,RU0009024277,B,110242000,4197,2,481,134,29845926,481
20020812,9632,RU0009024277,S,110242000,5746,2,481,134,29845926,481
20020812,9640,RU0009024277,S,110244000,5752,1,482.39,10,,
20020812,9645,RU0009024277,B,110246000,5452,0,478.11,50,,
20020812,9767,RU0009024277,B,110313000,5803,1,481,250,,
20020812,9825,RU0009024277,S,110325000,5834,1,482.39,300,,
20020812,9899,RU0009024277,S,110335000,5855,1,481.8,500,,
20020812,9918,RU0009024277,S,110340000,5869,1,482,200,,
20020812,9949,RU0009024277,S,110345000,5834,0,482.39,300,,
20020812,9953,RU0009024277,S,110346000,5869,0,482,200,,
20020812,10041,RU0009024277,B,110400000,5915,1,473,55,,
20020812,10078,RU0009024277,B,110409000,5937,1,478.01,500,,
20020812,10088,RU0009024277,S,110413000,5942,1,481.5,6,,
20020812,10189,RU0009024277,S,110440000,2202,0,485,1000,,
20020812,10304,RU0009024277,S,110511000,6062,1,481.7,200,,
20020812,10324,RU0009024277,S,110516000,6070,1,481,250,,
20020812,10327,RU0009024277,B,110516000,5803,2,481,250,29846051,481
20020812,10328,RU0009024277,S,110516000,6070,2,481,250,29846051,481
20020812,10403,RU0009024277,S,110529000,6101,1,481.7,250,,
20020812,10456,RU0009024277,B,110534000,2351,0,476,100,,
20020812,10521,RU0009024277,S,110541000,6137,1,481.7,250,,
20020812,10530,RU0009024277,S,110542000,1492,0,487,1000,,
20020812,10611,RU0009024277,S,110549000,6166,1,481.49,20,,
20020812,10624,RU0009024277,S,110550000,6172,1,481,15,,
20020812,10703,RU0009024277,S,110554000,6202,1,480,200,,
20020812,10714,RU0009024277,B,110554000,5747,2,480.05,50,29846151,480.05
20020812,10715,RU0009024277,S,110554000,6202,2,480,50,29846151,480.05
20020812,10716,RU0009024277,B,110554000,5633,2,480.03,1,29846152,480.03
20020812,10717,RU0009024277,S,110554000,6202,2,480,1,29846152,480.03
20020812,10718,RU0009024277,B,110554000,5697,2,480.03,149,29846153,480.03
20020812,10719,RU0009024277,S,110554000,6202,2,480,149,29846153,480.03
20020812,10845,RU0009024277,S,110605000,6261,1,480.03,250,,
20020812,10848,RU0009024277,B,110605000,5697,2,480.03,250,29846184,480.03
20020812,10849,RU0009024277,S,110605000,6261,2,480.03,250,29846184,480.03
20020812,10930,RU0009024277,S,110614000,5855,0,481.8,500,,
20020812,10963,RU0009024277,S,110618000,6309,1,480.02,250,,
20020812,10973,RU0009024277,B,110618000,5697,2,480.03,101,29846211,480.03
20020812,10974,RU0009024277,S,110618000,6309,2,480.02,101,29846211,480.03
20020812,10975,RU0009024277,B,110618000,1123,2,480.02,149,29846212,480.02
20020812,10976,RU0009024277,S,110618000,6309,2,480.02,149,29846212,480.02
20020812,11042,RU0009024277,S,110625000,6333,1,481.49,500,,
20020812,11124,RU0009024277,B,110637000,6378,1,467.5,200,,
20020812,11126,RU0009024277,S,110638000,6172,0,481,15,,
20020812,11127,RU0009024277,S,110638000,6379,1,481,250,,
20020812,11129,RU0009024277,S,110639000,6380,1,483.7,500,,
20020812,11139,RU0009024277,S,110640000,6386,1,480.01,10,,
20020812,11140,RU0009024277,B,110640000,1123,2,480.02,10,29846241,480.02
20020812,11141,RU0009024277,S,110640000,6386,2,480.01,10,29846241,480.02
20020812,11189,RU0009024277,S,110648000,6379,0,481,250,,
20020812,11230,RU0009024277,B,110654000,846,0,480,10,,
20020812,11279,RU0009024277,B,110704000,6452,1,480.03,750,,
20020812,11347,RU0009024277,B,110725000,6491,1,480.01,90,,
20020812,11407,RU0009024277,S,110739000,6522,1,481.4,250,,
20020812,11434,RU0009024277,B,110751000,6452,0,480.03,750,,
20020812,11567,RU0009024277,B,110822000,6604,1,480.02,200,,
20020812,11583,RU0009024277,S,110826000,6614,1,481.2,3,,
20020812,11606,RU0009024277,S,110830000,6614,0,481.2,3,,
20020812,11648,RU0009024277,S,110839000,6522,0,481.4,250,,
20020812,11680,RU0009024277,S,110847000,6333,0,481.49,500,,
20020812,11832,RU0009024277,S,110913000,6725,1,481.4,250,,
20020812,11835,RU0009024277,B,110914000,6728,1,480.01,50,,
20020812,11888,RU0009024277,S,110934000,2355,0,487,5000,,
20020812,11934,RU0009024277,S,110951000,6784,1,481,300,,
20020812,11960,RU0009024277,B,110956000,6796,1,480.03,67,,
20020812,11994,RU0009024277,S,111006000,6811,1,480,1,,
20020812,11996,RU0009024277,B,111006000,6796,2,480.03,1,29846383,480.03
20020812,11997,RU0009024277,S,111006000,6811,2,480,1,29846383,480.03
20020812,12100,RU0009024277,S,111028000,6861,1,480,130,,
20020812,12101,RU0009024277,B,111028000,6796,2,480.03,66,29846406,480.03
20020812,12102,RU0009024277,S,111028000,6861,2,480,66,29846406,480.03
20020812,12103,RU0009024277,B,111028000,1123,2,480.02,41,29846407,480.02
20020812,12104,RU0009024277,S,111028000,6861,2,480,41,29846407,480.02
20020812,12105,RU0009024277,B,111028000,5583,2,480.02,23,29846408,480.02
20020812,12106,RU0009024277,S,111028000,6861,2,480,23,29846408,480.02
20020812,12149,RU0009024277,B,111042000,6886,1,478,10,,
20020812,12166,RU0009024277,B,111046000,6895,1,480.03,100,,
20020812,12204,RU0009024277,B,111100000,6914,1,468,838,,
20020812,12216,RU0009024277,B,111108000,6923,1,468,1,,
20020812,12316,RU0009024277,B,111136000,6968,1,479.02,2000,,
20020812,12334,RU0009024277,S,111144000,6784,0,481,300,,
20020812,12362,RU0009024277,S,111158000,6996,1,481.39,25,,
20020812,12419,RU0009024277,B,111220000,7028,1,480.04,10,,
20020812,12450,RU0009024277,B,111232000,7041,1,480.1,200,,
20020812,12466,RU0009024277,S,111240000,7051,1,484.99,200,,
20020812,12471,RU0009024277,B,111243000,7053,1,475.3,1000,,
20020812,12599,RU0009024277,S,111308000,7105,1,480,2000,,
20020812,12602,RU0009024277,B,111308000,7041,2,480.1,200,29846486,480.1
20020812,12603,RU0009024277,S,111308000,7105,2,480,200,29846486,480.1
20020812,12604,RU0009024277,B,111308000,7028,2,480.04,10,29846487,480.04
20020812,12605,RU0009024277,S,111308000,7105,2,480,10,29846487,480.04
20020812,12606,RU0009024277,B,111308000,6895,2,480.03,100,29846488,480.03
20020812,12607,RU0009024277,S,111308000,7105,2,480,100,29846488,480.03
20020812,12608,RU0009024277,B,111308000,5583,2,480.02,77,29846489,480.02
20020812,12609,RU0009024277,S,111308000,7105,2,480,77,29846489,480.02
20020812,12610,RU0009024277,B,111308000,6604,2,480.02,200,29846490,480.02
20020812,12611,RU0009024277,S,111308000,7105,2,480,200,29846490,480.02
20020812,12612,RU0009024277,B,111308000,1866,2,480.01,500,29846491,480.01
20020812,12613,RU0009024277,S,111308000,7105,2,480,500,29846491,480.01
20020812,12614,RU0009024277,B,111308000,2834,2,480.01,50,29846492,480.01
20020812,12615,RU0009024277,S,111308000,7105,2,480,50,29846492,480.01
20020812,12616,RU0009024277,B,111308000,2847,2,480.01,1,29846493,480.01
20020812,12617,RU0009024277,S,111308000,7105,2,480,1,29846493,480.01
20020812,12618,RU0009024277,B,111308000,2887,2,480.01,20,29846494,480.01
20020812,12619,RU0009024277,S,111308000,7105,2,480,20,29846494,480.01
20020812,12620,RU0009024277,B,111308000,6491,2,480.01,90,29846495,480.01
20020812,12621,RU0009024277,S,111308000,7105,2,480,90,29846495,480.01
20020812,12622,RU0009024277,B,111308000,6728,2,480.01,50,29846496,480.01
20020812,12623,RU0009024277,S,111308000,7105,2,480,50,29846496,480.01
20020812,12624,RU0009024277,B,111308000,481,2,480,20,29846497,480
20020812,12625,RU0009024277,S,111308000,7105,2,480,20,29846497,480
20020812,12626,RU0009024277,B,111308000,2937,2,480,682,29846498,480
20020812,12627,RU0009024277,S,111308000,7105,2,480,682,29846498,480
20020812,12631,RU0009024277,B,111310000,7108,1,480.1,1500,,
20020812,12680,RU0009024277,B,111319000,7129,1,470,10,,
20020812,12681,RU0009024277,B,111319000,7130,1,480.11,150,,
20020812,12834,RU0009024277,B,111416000,7202,1,480,100,,
20020812,12853,RU0009024277,B,111422000,7209,1,480.12,2,,
20020812,12923,RU0009024277,B,111445000,7247,1,480.15,100,,
20020812,12957,RU0009024277,S,111450000,7257,1,482.39,100,,
20020812,12962,RU0009024277,S,111450000,5455,0,483,900,,
20020812,12996,RU0009024277,B,111502000,7275,1,480.12,5,,
20020812,13072,RU0009024277,B,111521000,7308,1,480.15,10,,
20020812,13139,RU0009024277,S,111530000,7257,0,482.39,100,,
20020812,13155,RU0009024277,S,111533000,5037,0,482.98,10,,
20020812,13183,RU0009024277,S,111535000,7340,1,482.39,100,,
20020812,13191,RU0009024277,S,111538000,7345,1,490,250,,
20020812,13216,RU0009024277,S,111541000,7352,1,484.9,10,,
20020812,13281,RU0009024277,B,111558000,7384,1,480.11,150,,
20020812,13328,RU0009024277,B,111610000,7308,0,480.15,10,,
20020812,13397,RU0009024277,S,111623000,7433,1,480,3000,,
20020812,13399,RU0009024277,B,111623000,7247,2,480.15,100,29846636,480.15
20020812,13400,RU0009024277,S,111623000,7433,2,480,100,29846636,480.15
20020812,13401,RU0009024277,B,111623000,7209,2,480.12,2,29846637,480.12
20020812,13402,RU0009024277,S,111623000,7433,2,480,2,29846637,480.12
20020812,13403,RU0009024277,B,111623000,7275,2,480.12,5,29846638,480.12
20020812,13404,RU0009024277,S,111623000,7433,2,480,5,29846638,480.12
20020812,13405,RU0009024277,B,111623000,7130,2,480.11,150,29846639,480.11
20020812,13406,RU0009024277,S,111623000,7433,2,480,150,29846639,480.11
20020812,13407,RU0009024277,B,111623000,7384,2,480.11,150,29846640,480.11
20020812,13408,RU0009024277,S,111623000,7433,2,480,150,29846640,480.11
20020812,13409,RU0009024277,B,111623000,7108,2,480.1,1500,29846641,480.1
20020812,13410,RU0009024277,S,111623000,7433,2,480,1500,29846641,480.1
20020812,13411,RU0009024277,B,111623000,2937,2,480,1093,29846642,480
20020812,13412,RU0009024277,S,111623000,7433,2,480,1093,29846642,480
20020812,13496,RU0009024277,S,111633000,7467,1,481.39,150,,
20020812,13499,RU0009024277,B,111634000,7469,1,480.01,10,,
20020812,13502,RU0009024277,B,111634000,7472,1,450,1000,,
20020812,13581,RU0009024277,S,111653000,7520,1,481.69,10,,
20020812,13614,RU0009024277,B,111700000,7536,1,480.01,2,,
20020812,13651,RU0009024277,S,111707000,7550,1,480,150,,
20020812,13652,RU0009024277,B,111707000,7469,2,480.01,10,29846685,480.01
20020812,13653,RU0009024277,S,111707000,7550,2,480,10,29846685,480.01
20020812,13654,RU0009024277,B,111707000,7536,2,480.01,2,29846686,480.01
20020812,13655,RU0009024277,S,111707000,7550,2,480,2,29846686,480.01
20020812,13656,RU0009024277,B,111707000,2937,2,480,138,29846687,480
20020812,13657,RU0009024277,S,111707000,7550,2,480,138,29846687,480
20020812,13753,RU0009024277,S,111727000,7598,1,481,100,,
20020812,13765,RU0009024277,S,111730000,7467,0,481.39,150,,
20020812,13766,RU0009024277,S,111731000,7607,1,481.38,10,,
20020812,13800,RU0009024277,S,111737000,7624,1,480,100,,
20020812,13802,RU0009024277,B,111737000,2937,2,480,100,29846711,480
20020812,13803,RU0009024277,S,111737000,7624,2,480,100,29846711,480
20020812,13816,RU0009024277,B,111740000,7633,1,479.05,10,,
20020812,13852,RU0009024277,S,111756000,7661,1,482,1000,,
20020812,13898,RU0009024277,B,111814000,7691,1,479.05,100,,
20020812,13936,RU0009024277,B,111835000,7714,1,481,100,,
20020812,13937,RU0009024277,B,111835000,7714,2,481,100,29846720,481
20020812,13938,RU0009024277,S,111835000,7598,2,481,100,29846720,481
20020812,13999,RU0009024277,B,111851000,7737,1,481.4,300,,
20020812,14001,RU0009024277,B,111851000,7737,2,481.4,10,29846732,481.38
20020812,14002,RU0009024277,S,111851000,7607,2,481.38,10,29846732,481.38
20020812,14003,RU0009024277,B,111851000,7737,2,481.4,25,29846733,481.39
20020812,14004,RU0009024277,S,111851000,6996,2,481.39,25,29846733,481.39
20020812,14005,RU0009024277,B,111851000,7737,2,481.4,250,29846734,481.4
20020812,14006,RU0009024277,S,111851000,6725,2,481.4,250,29846734,481.4
20020812,14066,RU0009024277,B,111910000,7764,1,481.4,5000,,
20020812,14090,RU0009024277,S,111915000,7776,1,482,500,,
20020812,14140,RU0009024277,S,111929000,6166,0,481.49,20,,
20020812,14160,RU0009024277,B,111935000,7764,0,481.4,5000,,
20020812,14188,RU0009024277,B,111943000,7815,1,460.49,2,,
20020812,14193,RU0009024277,B,111944000,7816,1,480.4,2000,,
20020812,14204,RU0009024277,S,111949000,7823,1,481.4,15,,
20020812,14207,RU0009024277,B,111949000,7737,2,481.4,15,29846772,481.4
20020812,14208,RU0009024277,S,111949000,7823,2,481.4,15,29846772,481.4
20020812,14225,RU0009024277,B,111958000,7835,1,480.41,150,,
20020812,14233,RU0009024277,B,112002000,7840,1,481.5,6,,
20020812,14236,RU0009024277,B,112002000,7840,2,481.5,6,29846776,481.5
20020812,14237,RU0009024277,S,112002000,5942,2,481.5,6,29846776,481.5
20020812,14391,RU0009024277,S,112058000,7776,0,482,500,,
20020812,14392,RU0009024277,S,112058000,2381,0,484.75,1000,,
20020812,14404,RU0009024277,B,112102000,7927,1,481.69,10,,
20020812,14407,RU0009024277,B,112102000,7927,2,481.69,10,29846797,481.69
20020812,14408,RU0009024277,S,112102000,7520,2,481.69,10,29846797,481.69
20020812,14448,RU0009024277,S,112112000,7945,1,481.85,1000,,
20020812,14449,RU0009024277,S,112112000,7946,1,481.68,200,,
20020812,14460,RU0009024277,B,112115000,7955,1,480.45,1500,,
20020812,14493,RU0009024277,B,112129000,7973,1,480.46,10,,
20020812,14509,RU0009024277,B,112134000,7816,0,480.4,2000,,
20020812,14517,RU0009024277,B,112137000,7985,1,480.46,150,,
20020812,14520,RU0009024277,B,112138000,7988,1,480.46,2000,,
20020812,14527,RU0009024277,S,112141000,2086,0,490,5000,,
20020812,14548,RU0009024277,S,112151000,7945,0,481.85,1000,,
20020812,14555,RU0009024277,B,112155000,8005,1,480.47,10,,
20020812,14562,RU0009024277,B,112157000,7633,0,479.05,10,,
20020812,14591,RU0009024277,S,112208000,8025,1,482.5,1000,,
20020812,14613,RU0009024277,S,112217000,7946,0,481.68,200,,
20020812,14682,RU0009024277,B,112248000,8067,1,480.42,10,,
20020812,14722,RU0009024277,B,112311000,8092,1,468,36,,
20020812,14731,RU0009024277,B,112317000,8099,1,479.05,5,,
20020812,14740,RU0009024277,S,112324000,7661,0,482,1000,,
20020812,14788,RU0009024277,S,112348000,8129,1,483,1000,,
20020812,14811,RU0009024277,B,112402000,8146,1,481.7,60,,
20020812,14813,RU0009024277,B,112402000,8146,2,481.7,60,29846846,481.7
20020812,14814,RU0009024277,S,112402000,6062,2,481.7,60,29846846,481.7
20020812,14818,RU0009024277,S,112405000,8149,1,481.99,100,,
20020812,14841,RU0009024277,B,112414000,8158,1,480.47,30,,
20020812,14842,RU0009024277,B,112414000,8159,1,481.7,600,,
20020812,14844,RU0009024277,B,112414000,8159,2,481.7,140,29846851,481.7
20020812,14845,RU0009024277,S,112414000,6062,2,481.7,140,29846851,481.7
20020812,14846,RU0009024277,B,112414000,8159,2,481.7,250,29846852,481.7
20020812,14847,RU0009024277,S,112414000,6101,2,481.7,250,29846852,481.7
20020812,14848,RU0009024277,B,112414000,8159,2,481.7,210,29846853,481.7
20020812,14849,RU0009024277,S,112414000,6137,2,481.7,210,29846853,481.7
20020812,14870,RU0009024277,B,112421000,7835,0,480.41,150,,
20020812,14881,RU0009024277,B,112427000,8173,1,481.7,40,,
20020812,14882,RU0009024277,B,112427000,8173,2,481.7,40,29846860,481.7
20020812,14883,RU0009024277,S,112427000,6137,2,481.7,40,29846860,481.7
20020812,14891,RU0009024277,S,112431000,8180,1,480,100,,
20020812,14893,RU0009024277,B,112431000,8005,2,480.47,10,29846862,480.47
20020812,14894,RU0009024277,S,112431000,8180,2,480,10,29846862,480.47
20020812,14895,RU0009024277,B,112431000,8158,2,480.47,30,29846863,480.47
20020812,14896,RU0009024277,S,112431000,8180,2,480,30,29846863,480.47
20020812,14897,RU0009024277,B,112431000,7973,2,480.46,10,29846864,480.46
20020812,14898,RU0009024277,S,112431000,8180,2,480,10,29846864,480.46
20020812,14899,RU0009024277,B,112431000,7985,2,480.46,50,29846865,480.46
20020812,14900,RU0009024277,S,112431000,8180,2,480,50,29846865,480.46
20020812,14933,RU0009024277,B,112437000,8194,1,480.47,800,,
20020812,14950,RU0009024277,B,112442000,8202,1,480.48,150,,
20020812,14977,RU0009024277,B,112449000,8209,1,481.99,54,,
20020812,14979,RU0009024277,B,112449000,8209,2,481.99,5,29846884,481.99
20020812,14980,RU0009024277,S,112449000,5416,2,481.99,5,29846884,481.99
20020812,14981,RU0009024277,B,112449000,8209,2,481.99,5,29846885,481.99
20020812,14982,RU0009024277,S,112449000,5681,2,481.99,5,29846885,481.99
20020812,14983,RU0009024277,B,112449000,8209,2,481.99,44,29846886,481.99
20020812,14984,RU0009024277,S,112449000,8149,2,481.99,44,29846886,481.99
20020812,14987,RU0009024277,S,112451000,8212,1,481.98,20,,
20020812,14994,RU0009024277,B,112452000,8217,1,480.5,5,,
20020812,15005,RU0009024277,S,112453000,8221,1,483,960,,
20020812,15092,RU0009024277,S,112503000,8239,1,481.97,10,,
20020812,15136,RU0009024277,B,112514000,8260,1,480,20,,
20020812,15141,RU0009024277,S,112517000,8263,1,481.98,25,,
20020812,15157,RU0009024277,S,112521000,8270,1,482.38,10,,
20020812,15159,RU0009024277,S,112522000,8272,1,481.97,25,,
20020812,15163,RU0009024277,B,112523000,8275,1,480.55,100,,
20020812,15179,RU0009024277,S,112529000,8025,0,482.5,1000,,
20020812,15180,RU0009024277,B,112529000,8283,1,480.56,100,,
20020812,15197,RU0009024277,S,112538000,8292,1,484,5000,,
20020812,15204,RU0009024277,B,112541000,8295,1,482.5,1500,,
20020812,15206,RU0009024277,B,112541000,8295,2,482.5,10,29846930,481.97
20020812,15207,RU0009024277,S,112541000,8239,2,481.97,10,29846930,481.97
20020812,15208,RU0009024277,B,112541000,8295,2,482.5,25,29846931,481.97
20020812,15209,RU0009024277,S,112541000,8272,2,481.97,25,29846931,481.97
20020812,15210,RU0009024277,B,112541000,8295,2,482.5,20,29846932,481.98
20020812,15211,RU0009024277,S,112541000,8212,2,481.98,20,29846932,481.98
20020812,15212,RU0009024277,B,112541000,8295,2,482.5,25,29846933,481.98
20020812,15213,RU0009024277,S,112541000,8263,2,481.98,25,29846933,481.98
20020812,15214,RU0009024277,B,112541000,8295,2,482.5,56,29846934,481.99
20020812,15215,RU0009024277,S,112541000,8149,2,481.99,56,29846934,481.99
20020812,15216,RU0009024277,B,112541000,8295,2,482.5,10,29846935,482.38
20020812,15217,RU0009024277,S,112541000,8270,2,482.38,10,29846935,482.38
20020812,15218,RU0009024277,B,112541000,8295,2,482.5,10,29846936,482.39
20020812,15219,RU0009024277,S,112541000,5752,2,482.39,10,29846936,482.39
20020812,15220,RU0009024277,B,112541000,8295,2,482.5,100,29846937,482.39
20020812,15221,RU0009024277,S,112541000,7340,2,482.39,100,29846937,482.39
20020812,15222,RU0009024277,B,112541000,8295,2,482.5,200,29846938,482.4
20020812,15223,RU0009024277,S,112541000,5439,2,482.4,200,29846938,482.4
20020812,15224,RU0009024277,B,112541000,8295,2,482.5,250,29846939,482.4
20020812,15225,RU0009024277,S,112541000,5500,2,482.4,250,29846939,482.4
20020812,15226,RU0009024277,B,112541000,8295,2,482.5,250,29846940,482.4
20020812,15227,RU0009024277,S,112541000,5536,2,482.4,250,29846940,482.4
20020812,15246,RU0009024277,S,112549000,8310,1,483.99,20,,
20020812,15257,RU0009024277,S,112553000,8221,0,483,960,,
20020812,15258,RU0009024277,S,112553000,8314,1,483.9,20,,
20020812,15272,RU0009024277,S,112557000,8322,1,482.5,200,,
20020812,15273,RU0009024277,B,112557000,8295,2,482.5,200,29846946,482.5
20020812,15274,RU0009024277,S,112557000,8322,2,482.5,200,29846946,482.5
20020812,15281,RU0009024277,B,112601000,7988,0,480.46,2000,,
20020812,15293,RU0009024277,S,112605000,8337,1,483.35,50,,
20020812,15294,RU0009024277,B,112605000,8338,1,480.57,10,,
20020812,15300,RU0009024277,S,112609000,8342,1,483.5,960,,
20020812,15305,RU0009024277,B,112611000,8346,1,463,50,,
20020812,15309,RU0009024277,S,112613000,8349,1,482.5,10,,
20020812,15310,RU0009024277,B,112613000,8295,2,482.5,10,29846947,482.5
20020812,15311,RU0009024277,S,112613000,8349,2,482.5,10,29846947,482.5
20020812,15326,RU0009024277,B,112617000,8355,1,480.57,10,,
20020812,15330,RU0009024277,S,112620000,8129,0,483,1000,,
20020812,15340,RU0009024277,B,112626000,8365,1,444,150,,
20020812,15341,RU0009024277,B,112627000,8295,0,482.5,334,,
20020812,15345,RU0009024277,B,112629000,8367,1,482.99,10,,
20020812,15346,RU0009024277,B,112629000,8367,2,482.99,10,29846952,482.99
20020812,15347,RU0009024277,S,112629000,5007,2,482.99,10,29846952,482.99
20020812,15354,RU0009024277,B,112632000,8370,1,482.05,334,,
20020812,15364,RU0009024277,B,112637000,8375,1,481,10,,
20020812,15381,RU0009024277,S,112643000,8382,1,482.98,10,,
20020812,15387,RU0009024277,S,112646000,8386,1,483.34,15,,
20020812,15396,RU0009024277,B,112648000,8370,0,482.05,334,,
20020812,15419,RU0009024277,S,112655000,7051,0,484.99,200,,
20020812,15423,RU0009024277,B,112656000,8405,1,481,334,,
20020812,15424,RU0009024277,S,112657000,8406,1,482.97,10,,
20020812,15432,RU0009024277,S,112700000,8411,1,489.99,200,,
20020812,15433,RU0009024277,S,112700000,8412,1,482.96,10,,
20020812,15439,RU0009024277,S,112706000,8415,1,482.95,10,,
20020812,15450,RU0009024277,S,112710000,8421,1,482.94,10,,
20020812,15459,RU0009024277,S,112714000,8425,1,482.93,10,,
20020812,15472,RU0009024277,S,112719000,8431,1,482.92,10,,
20020812,15486,RU0009024277,S,112723000,8435,1,482.91,10,,
20020812,15491,RU0009024277,S,112726000,8438,1,482.9,10,,
20020812,15495,RU0009024277,S,112729000,8382,0,482.98,10,,
20020812,15506,RU0009024277,S,112733000,8447,1,482.8,10,,
20020812,15521,RU0009024277,B,112746000,8453,1,481.01,50,,
20020812,15549,RU0009024277,B,112805000,8355,0,480.57,10,,
20020812,15564,RU0009024277,B,112816000,8483,1,481.02,10,,
20020812,15566,RU0009024277,B,112819000,8485,1,482.8,10,,
20020812,15567,RU0009024277,B,112819000,8485,2,482.8,10,29846976,482.8
20020812,15568,RU0009024277,S,112819000,8447,2,482.8,10,29846976,482.8
20020812,15573,RU0009024277,B,112829000,8489,1,480.6,1000,,
20020812,15577,RU0009024277,B,112831000,8491,1,481.03,10,,
20020812,15584,RU0009024277,B,112835000,8495,1,481.04,10,,
20020812,15586,RU0009024277,B,112835000,8497,1,481.03,10,,
20020812,15589,RU0009024277,B,112838000,8500,1,481.05,10,,
20020812,15595,RU0009024277,B,112841000,8505,1,481.06,10,,
20020812,15597,RU0009024277,B,112842000,8507,1,481.06,10,,
20020812,15598,RU0009024277,S,112843000,8508,1,482.98,10,,
20020812,15601,RU0009024277,B,112845000,8511,1,481.07,10,,
20020812,15605,RU0009024277,B,112849000,8514,1,481.08,20,,
20020812,15606,RU0009024277,B,112849000,8483,0,481.02,10,,
20020812,15607,RU0009024277,B,112850000,8515,1,481.08,10,,
20020812,15609,RU0009024277,B,112850000,8194,0,480.47,800,,
20020812,15611,RU0009024277,B,112852000,8489,0,480.6,1000,,
20020812,15616,RU0009024277,B,112855000,8518,1,481.09,10,,
20020812,15625,RU0009024277,B,112857000,8521,1,481.09,10,,
20020812,15629,RU0009024277,B,112900000,8524,1,481.1,10,,
20020812,15631,RU0009024277,B,112900000,8526,1,454,100,,
20020812,15634,RU0009024277,B,112903000,8529,1,481.1,10,,
20020812,15638,RU0009024277,B,112904000,8531,1,481.11,10,,
20020812,15642,RU0009024277,B,112905000,8535,1,481.12,10,,
20020812,15645,RU0009024277,B,112906000,8497,0,481.03,10,,
20020812,15646,RU0009024277,B,112907000,8536,1,480.61,800,,
20020812,15647,RU0009024277,B,112911000,8537,1,481.13,10,,
20020812,15663,RU0009024277,B,112920000,8405,0,481,334,,
20020812,15668,RU0009024277,B,112924000,8549,1,481,234,,
20020812,15672,RU0009024277,B,112927000,8552,1,482.9,10,,
20020812,15673,RU0009024277,B,112927000,8552,2,482.9,10,29846984,482.9
20020812,15674,RU0009024277,S,112927000,8438,2,482.9,10,29846984,482.9
20020812,15681,RU0009024277,B,112930000,8557,1,481.15,10,,
20020812,15700,RU0009024277,B,112945000,8217,0,480.5,5,,
20020812,15717,RU0009024277,B,112953000,8576,1,478.6,50,,
20020812,15780,RU0009024277,S,113045000,8612,1,482.91,200,,
20020812,15816,RU0009024277,S,113059000,8625,1,482.9,1000,,
20020812,15821,RU0009024277,B,113104000,8630,1,470,500,,
20020812,15828,RU0009024277,S,113106000,8636,1,481,100,,
20020812,15833,RU0009024277,B,113106000,8557,2,481.15,10,29847003,481.15
20020812,15834,RU0009024277,S,113106000,8636,2,481,10,29847003,481.15
20020812,15835,RU0009024277,B,113106000,8537,2,481.13,10,29847004,481.13
20020812,15836,RU0009024277,S,113106000,8636,2,481,10,29847004,481.13
20020812,15837,RU0009024277,B,113106000,8535,2,481.12,10,29847005,481.12
20020812,15838,RU0009024277,S,113106000,8636,2,481,10,29847005,481.12
20020812,15839,RU0009024277,B,113106000,8531,2,481.11,10,29847006,481.11
20020812,15840,RU0009024277,S,113106000,8636,2,481,10,29847006,481.11
20020812,15841,RU0009024277,B,113106000,8524,2,481.1,10,29847007,481.1
20020812,15842,RU0009024277,S,113106000,8636,2,481,10,29847007,481.1
20020812,15843,RU0009024277,B,113106000,8529,2,481.1,10,29847008,481.1
20020812,15844,RU0009024277,S,113106000,8636,2,481,10,29847008,481.1
20020812,15845,RU0009024277,B,113106000,8518,2,481.09,10,29847009,481.09
20020812,15846,RU0009024277,S,113106000,8636,2,481,10,29847009,481.09
20020812,15847,RU0009024277,B,113106000,8521,2,481.09,10,29847010,481.09
20020812,15848,RU0009024277,S,113106000,8636,2,481,10,29847010,481.09
20020812,15849,RU0009024277,B,113106000,8514,2,481.08,20,29847011,481.08
20020812,15850,RU0009024277,S,113106000,8636,2,481,20,29847011,481.08
20020812,15873,RU0009024277,S,113119000,8646,1,482.89,300,,
20020812,15897,RU0009024277,S,113124000,911,0,515,450,,
20020812,15898,RU0009024277,S,113124000,8653,1,516.5,450,,
20020812,15928,RU0009024277,S,113130000,8663,1,482.88,10,,
20020812,15929,RU0009024277,S,113130000,8664,1,481,100,,
20020812,15930,RU0009024277,B,113130000,8515,2,481.08,10,29847031,481.08
20020812,15931,RU0009024277,S,113130000,8664,2,481,10,29847031,481.08
20020812,15932,RU0009024277,B,113130000,8511,2,481.07,10,29847032,481.07
20020812,15933,RU0009024277,S,113130000,8664,2,481,10,29847032,481.07
20020812,15934,RU0009024277,B,113130000,8505,2,481.06,10,29847033,481.06
20020812,15935,RU0009024277,S,113130000,8664,2,481,10,29847033,481.06
20020812,15936,RU0009024277,B,113130000,8507,2,481.06,10,29847034,481.06
20020812,15937,RU0009024277,S,113130000,8664,2,481,10,29847034,481.06
20020812,15938,RU0009024277,B,113130000,8500,2,481.05,10,29847035,481.05
20020812,15939,RU0009024277,S,113130000,8664,2,481,10,29847035,481.05
20020812,15940,RU0009024277,B,113130000,8495,2,481.04,10,29847036,481.04
20020812,15941,RU0009024277,S,113130000,8664,2,481,10,29847036,481.04
20020812,15942,RU0009024277,B,113130000,8491,2,481.03,10,29847037,481.03
20020812,15943,RU0009024277,S,113130000,8664,2,481,10,29847037,481.03
20020812,15944,RU0009024277,B,113130000,8453,2,481.01,30,29847038,481.01
20020812,15945,RU0009024277,S,113130000,8664,2,481,30,29847038,481.01
20020812,15946,RU0009024277,B,113131000,8665,1,481.09,2,,
20020812,15949,RU0009024277,S,113133000,8612,0,482.91,200,,
20020812,15979,RU0009024277,S,113145000,8681,1,482.8,200,,
20020812,15987,RU0009024277,S,113146000,8682,1,482.87,10,,
20020812,16011,RU0009024277,S,113149000,8663,0,482.88,10,,
20020812,16022,RU0009024277,S,113150000,8508,0,482.98,10,,
20020812,16042,RU0009024277,S,113154000,8698,1,482.75,10,,
20020812,16050,RU0009024277,S,113156000,8701,1,482.79,100,,
20020812,16059,RU0009024277,S,113159000,8705,1,482,1000,,
20020812,16078,RU0009024277,S,113203000,8682,0,482.87,10,,
20020812,16101,RU0009024277,B,113209000,8665,0,481.09,2,,
20020812,16107,RU0009024277,S,113211000,8723,1,482.79,10,,
20020812,16117,RU0009024277,S,113215000,8698,0,482.75,10,,
20020812,16131,RU0009024277,S,113219000,8738,1,481.99,10,,
20020812,16140,RU0009024277,S,113221000,8744,1,481.99,20,,
20020812,16141,RU0009024277,S,113221000,8745,1,483.88,4,,
20020812,16153,RU0009024277,S,113225000,8750,1,481.98,20,,
20020812,16171,RU0009024277,B,113230000,8536,0,480.61,800,,
20020812,16177,RU0009024277,S,113234000,8681,0,482.8,200,,
20020812,16178,RU0009024277,S,113235000,8705,0,482,1000,,
20020812,16198,RU0009024277,S,113243000,8778,1,511.5,50,,
20020812,16203,RU0009024277,S,113245000,8738,0,481.99,10,,
20020812,16211,RU0009024277,S,113250000,8787,1,482.78,10,,
20020812,16278,RU0009024277,S,113317000,8818,1,482.7,200,,
20020812,16284,RU0009024277,S,113318000,8750,0,481.98,20,,
20020812,16288,RU0009024277,S,113319000,8744,0,481.99,20,,
20020812,16297,RU0009024277,S,113325000,8827,1,482.4,20,,
20020812,16298,RU0009024277,S,113327000,8646,0,482.89,300,,
20020812,16304,RU0009024277,S,113329000,8830,1,482.5,20,,
20020812,16315,RU0009024277,S,113334000,8836,1,482.6,20,,
20020812,16326,RU0009024277,B,113340000,8843,1,471.01,1,,
20020812,16469,RU0009024277,B,113423000,8904,1,481.01,200,,
20020812,16540,RU0009024277,S,113433000,8723,0,482.79,10,,
20020812,16561,RU0009024277,S,113440000,8827,0,482.4,20,,
20020812,16565,RU0009024277,S,113442000,8830,0,482.5,20,,
20020812,16579,RU0009024277,S,113446000,8836,0,482.6,20,,
20020812,16584,RU0009024277,S,113448000,8946,1,482.69,10,,
20020812,16586,RU0009024277,S,113449000,8948,1,482.69,20,,
20020812,16597,RU0009024277,S,113452000,8787,0,482.78,10,,
20020812,16620,RU0009024277,S,113457000,8963,1,482.65,10,,
20020812,16623,RU0009024277,B,113459000,8965,1,481.02,2,,
20020812,16726,RU0009024277,B,113518000,9003,1,481.03,10,,
20020812,16732,RU0009024277,B,113519000,9008,1,482.01,100,,
20020812,16754,RU0009024277,B,113524000,8904,0,481.01,200,,
20020812,16801,RU0009024277,B,113531000,9029,1,482.02,100,,
20020812,16865,RU0009024277,B,113538000,9053,1,482.03,10,,
20020812,16883,RU0009024277,B,113542000,9063,1,482.04,10,,
20020812,16887,RU0009024277,B,113543000,9008,0,482.01,100,,
20020812,16904,RU0009024277,B,113548000,9073,1,482.05,10,,
20020812,16930,RU0009024277,B,113553000,9087,1,482.06,10,,
20020812,16937,RU0009024277,B,113557000,9092,1,482.7,100,,
20020812,16939,RU0009024277,B,113557000,9094,1,482.06,10,,
20020812,16942,RU0009024277,B,113557000,9092,2,482.7,10,29847224,482.65
20020812,16943,RU0009024277,S,113557000,8963,2,482.65,10,29847224,482.65
20020812,16944,RU0009024277,B,113557000,9092,2,482.7,10,29847225,482.69
20020812,16945,RU0009024277,S,113557000,8946,2,482.69,10,29847225,482.69
20020812,16946,RU0009024277,B,113557000,9092,2,482.7,20,29847226,482.69
20020812,16947,RU0009024277,S,113557000,8948,2,482.69,20,29847226,482.69
20020812,16948,RU0009024277,B,113557000,9092,2,482.7,60,29847227,482.7
20020812,16949,RU0009024277,S,113557000,8818,2,482.7,60,29847227,482.7
20020812,16976,RU0009024277,B,113603000,9104,1,482.07,20,,
20020812,16993,RU0009024277,S,113608000,8701,0,482.79,100,,
20020812,16999,RU0009024277,B,113610000,9116,1,482.07,10,,
20020812,17006,RU0009024277,S,113613000,9123,1,482.79,20,,
20020812,17018,RU0009024277,B,113619000,9131,1,482.08,10,,
20020812,17028,RU0009024277,B,113624000,8549,0,481,234,,
20020812,17029,RU0009024277,S,113624000,9137,1,482.69,10,,
20020812,17048,RU0009024277,B,113630000,9145,1,481,34,,
20020812,17054,RU0009024277,B,113632000,9149,1,482.09,30,,
20020812,17129,RU0009024277,S,113658000,9193,1,487,2000,,
20020812,17140,RU0009024277,B,113703000,9202,1,481.11,10,,
20020812,17160,RU0009024277,S,113708000,9209,1,483,3000,,
20020812,17170,RU0009024277,S,113715000,839,0,495,200,,
20020812,17172,RU0009024277,S,113715000,9218,1,480,2013,,
20020812,17175,RU0009024277,B,113715000,9149,2,482.09,30,29847253,482.09
20020812,17176,RU0009024277,S,113715000,9218,2,480,30,29847253,482.09
20020812,17177,RU0009024277,B,113715000,9131,2,482.08,10,29847254,482.08
20020812,17178,RU0009024277,S,113715000,9218,2,480,10,29847254,482.08
20020812,17179,RU0009024277,B,113715000,9104,2,482.07,20,29847255,482.07
20020812,17180,RU0009024277,S,113715000,9218,2,480,20,29847255,482.07
20020812,17181,RU0009024277,B,113715000,9116,2,482.07,10,29847256,482.07
20020812,17182,RU0009024277,S,113715000,9218,2,480,10,29847256,482.07
20020812,17183,RU0009024277,B,113715000,9087,2,482.06,10,29847257,482.06
20020812,17184,RU0009024277,S,113715000,9218,2,480,10,29847257,482.06
20020812,17185,RU0009024277,B,113715000,9094,2,482.06,10,29847258,482.06
20020812,17186,RU0009024277,S,113715000,9218,2,480,10,29847258,482.06
20020812,17187,RU0009024277,B,113715000,9073,2,482.05,10,29847259,482.05
20020812,17188,RU0009024277,S,113715000,9218,2,480,10,29847259,482.05
20020812,17189,RU0009024277,B,113715000,9063,2,482.04,10,29847260,482.04
20020812,17190,RU0009024277,S,113715000,9218,2,480,10,29847260,482.04
20020812,17191,RU0009024277,B,113715000,9053,2,482.03,10,29847261,482.03
20020812,17192,RU0009024277,S,113715000,9218,2,480,10,29847261,482.03
20020812,17193,RU0009024277,B,113715000,9029,2,482.02,100,29847262,482.02
20020812,17194,RU0009024277,S,113715000,9218,2,480,100,29847262,482.02
20020812,17195,RU0009024277,B,113715000,9202,2,481.11,10,29847263,481.11
20020812,17196,RU0009024277,S,113715000,9218,2,480,10,29847263,481.11
20020812,17197,RU0009024277,B,113715000,9003,2,481.03,10,29847264,481.03
20020812,17198,RU0009024277,S,113715000,9218,2,480,10,29847264,481.03
20020812,17199,RU0009024277,B,113715000,8965,2,481.02,2,29847265,481.02
20020812,17200,RU0009024277,S,113715000,9218,2,480,2,29847265,481.02
20020812,17201,RU0009024277,B,113715000,8453,2,481.01,20,29847266,481.01
20020812,17202,RU0009024277,S,113715000,9218,2,480,20,29847266,481.01
20020812,17203,RU0009024277,B,113715000,8375,2,481,10,29847267,481
20020812,17204,RU0009024277,S,113715000,9218,2,480,10,29847267,481
20020812,17205,RU0009024277,B,113715000,9145,2,481,34,29847268,481
20020812,17206,RU0009024277,S,113715000,9218,2,480,34,29847268,481
20020812,17207,RU0009024277,B,113715000,8338,2,480.57,10,29847269,480.57
20020812,17208,RU0009024277,S,113715000,9218,2,480,10,29847269,480.57
20020812,17209,RU0009024277,B,113715000,8283,2,480.56,100,29847270,480.56
20020812,17210,RU0009024277,S,113715000,9218,2,480,100,29847270,480.56
20020812,17211,RU0009024277,B,113715000,8275,2,480.55,100,29847271,480.55
20020812,17212,RU0009024277,S,113715000,9218,2,480,100,29847271,480.55
20020812,17213,RU0009024277,B,113715000,8202,2,480.48,150,29847272,480.48
20020812,17214,RU0009024277,S,113715000,9218,2,480,150,29847272,480.48
20020812,17215,RU0009024277,B,113715000,7985,2,480.46,100,29847273,480.46
20020812,17216,RU0009024277,S,113715000,9218,2,480,100,29847273,480.46
20020812,17217,RU0009024277,B,113715000,7955,2,480.45,1247,29847274,480.45
20020812,17218,RU0009024277,S,113715000,9218,2,480,1247,29847274,480.45
20020812,17254,RU0009024277,B,113727000,2937,0,480,1987,,
20020812,17289,RU0009024277,S,113738000,9251,1,482.68,20,,
20020812,17330,RU0009024277,B,113801000,9275,1,479.03,500,,
20020812,17348,RU0009024277,S,113812000,8625,0,482.9,1000,,
20020812,17406,RU0009024277,B,113835000,9312,1,479.1,500,,
20020812,17425,RU0009024277,S,113842000,9322,1,480.45,5,,
20020812,17427,RU0009024277,B,113842000,7955,2,480.45,5,29847303,480.45
20020812,17428,RU0009024277,S,113842000,9322,2,480.45,5,29847303,480.45
20020812,17439,RU0009024277,B,113846000,9329,1,480.46,10,,
20020812,17446,RU0009024277,S,113848000,9334,1,482.99,250,,
20020812,17465,RU0009024277,S,113855000,9344,1,482.98,250,,
20020812,17498,RU0009024277,B,113915000,9365,1,480.47,30,,
20020812,17523,RU0009024277,S,113931000,9209,0,483,3000,,
20020812,17532,RU0009024277,S,113936000,9387,1,484,200,,
20020812,17540,RU0009024277,B,113941000,9394,1,481,2,,
20020812,17561,RU0009024277,S,113957000,8342,0,483.5,960,,
20020812,17564,RU0009024277,S,113957000,9412,1,482.5,400,,
20020812,17568,RU0009024277,B,113958000,9414,1,480.5,100,,
20020812,17635,RU0009024277,B,114036000,7955,0,480.45,248,,
20020812,17664,RU0009024277,S,114052000,9412,0,482.5,400,,
20020812,17665,RU0009024277,S,114052000,9461,1,482.68,960,,
20020812,17759,RU0009024277,S,114119000,4200,0,486.8,400,,
20020812,17798,RU0009024277,B,114127000,9514,1,476,3000,,
20020812,17815,RU0009024277,B,114129000,9520,1,477.1,5,,
20020812,17822,RU0009024277,S,114130000,9525,1,482.67,500,,
20020812,17893,RU0009024277,S,114143000,9556,1,482.69,1252,,
20020812,17894,RU0009024277,B,114143000,9557,1,482.67,50,,
20020812,17895,RU0009024277,B,114143000,9557,2,482.67,50,29847372,482.67
20020812,17896,RU0009024277,S,114143000,9525,2,482.67,50,29847372,482.67
20020812,17971,RU0009024277,S,114157000,9251,0,482.68,20,,
20020812,17973,RU0009024277,S,114157000,9588,1,522,100,,
20020812,18001,RU0009024277,S,114206000,9605,1,482.66,20,,
20020812,18036,RU0009024277,B,114218000,2220,0,469.1,50,,
20020812,18077,RU0009024277,B,114226000,9329,0,480.46,10,,
20020812,18103,RU0009024277,B,114235000,9646,1,480.51,10,,
20020812,18109,RU0009024277,B,114236000,6968,0,479.02,2000,,
20020812,18139,RU0009024277,B,114244000,8067,0,480.42,10,,
20020812,18194,RU0009024277,B,114304000,9688,1,481,2000,,
20020812,18239,RU0009024277,B,114318000,9705,1,479.99,10,,
20020812,18292,RU0009024277,B,114335000,9731,1,481.01,300,,
20020812,18374,RU0009024277,B,114350000,9365,0,480.47,30,,
20020812,18385,RU0009024277,B,114351000,7202,0,480,100,,
20020812,18411,RU0009024277,B,114355000,7691,0,479.05,100,,
20020812,18413,RU0009024277,B,114355000,9767,1,481.02,30,,
20020812,18444,RU0009024277,B,114404000,9781,1,482.66,20,,
20020812,18446,RU0009024277,B,114404000,9781,2,482.66,20,29847481,482.66
20020812,18447,RU0009024277,S,114404000,9605,2,482.66,20,29847481,482.66
20020812,18547,RU0009024277,S,114415000,9812,1,495.5,20,,
20020812,18556,RU0009024277,B,114416000,9688,0,481,2000,,
20020812,18564,RU0009024277,S,114417000,9820,1,482.66,10,,
20020812,18577,RU0009024277,B,114418000,9821,1,481.02,200,,
20020812,18670,RU0009024277,B,114434000,9864,1,482.69,100,,
20020812,18675,RU0009024277,B,114434000,9864,2,482.69,10,29847545,482.66
20020812,18676,RU0009024277,S,114434000,9820,2,482.66,10,29847545,482.66
20020812,18677,RU0009024277,B,114434000,9864,2,482.69,90,29847546,482.67
20020812,18678,RU0009024277,S,114434000,9525,2,482.67,90,29847546,482.67
20020812,18683,RU0009024277,B,114437000,9731,0,481.01,300,,
20020812,18696,RU0009024277,B,114441000,9875,1,482,2000,,
20020812,18700,RU0009024277,B,114442000,9879,1,480,500,,
20020812,18701,RU0009024277,B,114442000,9880,1,482.69,2069,,
20020812,18702,RU0009024277,B,114442000,9880,2,482.69,360,29847547,482.67
20020812,18703,RU0009024277,S,114442000,9525,2,482.67,360,29847547,482.67
20020812,18704,RU0009024277,B,114442000,9880,2,482.69,960,29847548,482.68
20020812,18705,RU0009024277,S,114442000,9461,2,482.68,960,29847548,482.68
20020812,18706,RU0009024277,B,114442000,9880,2,482.69,10,29847549,482.69
20020812,18707,RU0009024277,S,114442000,9137,2,482.69,10,29847549,482.69
20020812,18708,RU0009024277,B,114442000,9880,2,482.69,739,29847550,482.69
20020812,18709,RU0009024277,S,114442000,9556,2,482.69,739,29847550,482.69
20020812,18712,RU0009024277,S,114444000,9556,0,482.69,513,,
20020812,18720,RU0009024277,B,114447000,9275,0,479.03,500,,
20020812,18724,RU0009024277,B,114447000,9890,1,481.05,1500,,
20020812,18747,RU0009024277,B,114450000,9898,1,479.12,500,,
20020812,18765,RU0009024277,B,114454000,9767,0,481.02,30,,
20020812,18788,RU0009024277,S,114457000,9915,1,482.99,340,,
20020812,18794,RU0009024277,B,114458000,9917,1,482.01,20,,
20020812,18811,RU0009024277,B,114502000,9927,1,482.02,20,,
20020812,18839,RU0009024277,B,114508000,9941,1,482.03,2,,
20020812,18842,RU0009024277,B,114508000,9944,1,482.7,70,,
20020812,18845,RU0009024277,B,114508000,9944,2,482.7,70,29847578,482.7
20020812,18846,RU0009024277,S,114508000,8818,2,482.7,70,29847578,482.7
20020812,18860,RU0009024277,B,114512000,9950,1,482.04,2,,
20020812,18881,RU0009024277,B,114516000,9964,1,482.05,2,,
20020812,18907,RU0009024277,S,114521000,4141,0,483.4,200,,
20020812,18910,RU0009024277,B,114522000,9981,1,482.06,2,,
20020812,18939,RU0009024277,B,114528000,8260,0,480,20,,
20020812,18941,RU0009024277,S,114528000,3013,0,483.4,250,,
20020812,18946,RU0009024277,S,114529000,9996,1,484.87,2069,,
20020812,18953,RU0009024277,B,114531000,10001,1,481,20,,
20020812,18961,RU0009024277,S,114534000,4375,0,484.7,250,,
20020812,19008,RU0009024277,S,114539000,4400,0,484.7,250,,
20020812,19020,RU0009024277,B,114542000,9821,0,481.02,200,,
20020812,19046,RU0009024277,S,114545000,4566,0,484.7,200,,
20020812,19088,RU0009024277,B,114547000,10044,1,480.55,150,,
20020812,19093,RU0009024277,S,114549000,4587,0,485.7,200,,
20020812,19134,RU0009024277,B,114557000,10062,1,482.7,70,,
20020812,19135,RU0009024277,B,114557000,10062,2,482.7,70,29847639,482.7
20020812,19136,RU0009024277,S,114557000,8818,2,482.7,70,29847639,482.7
20020812,19171,RU0009024277,B,114600000,10072,1,481.02,20,,
20020812,19225,RU0009024277,B,114609000,9875,0,482,2000,,
20020812,19255,RU0009024277,S,114616000,9915,0,482.99,340,,
20020812,19280,RU0009024277,S,114619000,10121,1,482.97,340,,
20020812,19294,RU0009024277,B,114620000,10122,1,0,2000,,
20020812,19297,RU0009024277,B,114620000,10122,2,0,20,29847679,482.79
20020812,19298,RU0009024277,S,114620000,9123,2,482.79,20,29847679,482.79
20020812,19299,RU0009024277,B,114620000,10122,2,0,10,29847680,482.91
20020812,19300,RU0009024277,S,114620000,8435,2,482.91,10,29847680,482.91
20020812,19301,RU0009024277,B,114620000,10122,2,0,10,29847681,482.92
20020812,19302,RU0009024277,S,114620000,8431,2,482.92,10,29847681,482.92
20020812,19303,RU0009024277,B,114620000,10122,2,0,10,29847682,482.93
20020812,19304,RU0009024277,S,114620000,8425,2,482.93,10,29847682,482.93
20020812,19305,RU0009024277,B,114620000,10122,2,0,10,29847683,482.94
20020812,19306,RU0009024277,S,114620000,8421,2,482.94,10,29847683,482.94
20020812,19307,RU0009024277,B,114620000,10122,2,0,10,29847684,482.95
20020812,19308,RU0009024277,S,114620000,8415,2,482.95,10,29847684,482.95
20020812,19309,RU0009024277,B,114620000,10122,2,0,10,29847685,482.96
20020812,19310,RU0009024277,S,114620000,8412,2,482.96,10,29847685,482.96
20020812,19311,RU0009024277,B,114620000,10122,2,0,10,29847686,482.97
20020812,19312,RU0009024277,S,114620000,8406,2,482.97,10,29847686,482.97
20020812,19313,RU0009024277,B,114620000,10122,2,0,340,29847687,482.97
20020812,19314,RU0009024277,S,114620000,10121,2,482.97,340,29847687,482.97
20020812,19315,RU0009024277,B,114620000,10122,2,0,250,29847688,482.98
20020812,19316,RU0009024277,S,114620000,9344,2,482.98,250,29847688,482.98
20020812,19317,RU0009024277,B,114620000,10122,2,0,10,29847689,482.99
20020812,19318,RU0009024277,S,114620000,5007,2,482.99,10,29847689,482.99
20020812,19319,RU0009024277,B,114620000,10122,2,0,250,29847690,482.99
20020812,19320,RU0009024277,S,114620000,9334,2,482.99,250,29847690,482.99
20020812,19321,RU0009024277,B,114620000,10122,2,0,15,29847691,483.34
20020812,19322,RU0009024277,S,114620000,8386,2,483.34,15,29847691,483.34
20020812,19323,RU0009024277,B,114620000,10122,2,0,50,29847692,483.35
20020812,19324,RU0009024277,S,114620000,8337,2,483.35,50,29847692,483.35
20020812,19325,RU0009024277,B,114620000,10122,2,0,20,29847693,483.39
20020812,19326,RU0009024277,S,114620000,5270,2,483.39,20,29847693,483.39
20020812,19327,RU0009024277,B,114620000,10122,2,0,223,29847694,483.4
20020812,19328,RU0009024277,S,114620000,2935,2,483.4,223,29847694,483.4
20020812,19329,RU0009024277,B,114620000,10122,2,0,15,29847695,483.5
20020812,19330,RU0009024277,S,114620000,2751,2,483.5,15,29847695,483.5
20020812,19331,RU0009024277,B,114620000,10122,2,0,1,29847696,483.5
20020812,19332,RU0009024277,S,114620000,3906,2,483.5,1,29847696,483.5
20020812,19333,RU0009024277,B,114620000,10122,2,0,500,29847697,483.7
20020812,19334,RU0009024277,S,114620000,6380,2,483.7,500,29847697,483.7
20020812,19335,RU0009024277,B,114620000,10122,2,0,4,29847698,483.88
20020812,19336,RU0009024277,S,114620000,8745,2,483.88,4,29847698,483.88
20020812,19337,RU0009024277,B,114620000,10122,2,0,20,29847699,483.9
20020812,19338,RU0009024277,S,114620000,8314,2,483.9,20,29847699,483.9
20020812,19339,RU0009024277,B,114620000,10122,2,0,20,29847700,483.99
20020812,19340,RU0009024277,S,114620000,8310,2,483.99,20,29847700,483.99
20020812,19341,RU0009024277,B,114620000,10122,2,0,192,29847701,484
20020812,19342,RU0009024277,S,114620000,2558,2,484,192,29847701,484
20020812,19349,RU0009024277,B,114622000,9917,0,482.01,20,,
20020812,19372,RU0009024277,B,114627000,10140,1,482.03,2000,,
20020812,19388,RU0009024277,S,114631000,10144,1,483.99,2,,
20020812,19418,RU0009024277,S,114638000,4150,0,485.9,1000,,
20020812,19427,RU0009024277,B,114641000,10167,1,482.05,500,,
20020812,19430,RU0009024277,S,114641000,10170,1,483.99,1000,,
20020812,19431,RU0009024277,S,114641000,10171,1,483.95,30,,
20020812,19453,RU0009024277,S,114646000,10182,1,484,5000,,
20020812,19469,RU0009024277,S,114649000,10171,0,483.95,30,,
20020812,19473,RU0009024277,B,114650000,10191,1,483,2500,,
20020812,19488,RU0009024277,S,114654000,9996,0,484.87,2069,,
20020812,19507,RU0009024277,S,114659000,10182,0,484,5000,,
20020812,19509,RU0009024277,S,114659000,10206,1,483.97,2069,,
20020812,19515,RU0009024277,B,114701000,10140,0,482.03,2000,,
20020812,19544,RU0009024277,S,114704000,10220,1,483.7,250,,
20020812,19548,RU0009024277,S,114705000,10170,0,483.99,1000,,
20020812,19552,RU0009024277,B,114706000,10224,1,483.9,50,,
20020812,19554,RU0009024277,B,114706000,10226,1,480.55,1000,,
20020812,19558,RU0009024277,B,114706000,10224,2,483.9,50,29847736,483.7
20020812,19559,RU0009024277,S,114706000,10220,2,483.7,50,29847736,483.7
20020812,19560,RU0009024277,S,114707000,10228,1,483.95,1000,,
20020812,19607,RU0009024277,S,114720000,10206,0,483.97,2069,,
20020812,19619,RU0009024277,S,114722000,10255,1,483,2069,,
20020812,19620,RU0009024277,B,114722000,10191,2,483,2069,29847746,483
20020812,19621,RU0009024277,S,114722000,10255,2,483,2069,29847746,483
20020812,19682,RU0009024277,B,114734000,10278,1,482.06,20,,
20020812,19712,RU0009024277,S,114745000,10295,1,503.77,11000,,
20020812,19715,RU0009024277,S,114747000,10298,1,485.88,120,,
20020812,19721,RU0009024277,B,114750000,10302,1,481.06,150,,
20020812,19784,RU0009024277,B,114759000,10328,1,480.8,120,,
20020812,19836,RU0009024277,S,114809000,10228,0,483.95,1000,,
20020812,19839,RU0009024277,S,114810000,8292,0,484,5000,,
20020812,19841,RU0009024277,S,114811000,10353,1,483.7,100,,
20020812,19853,RU0009024277,S,114813000,10360,1,483.99,254,,
20020812,19859,RU0009024277,S,114814000,10363,1,484.95,5000,,
20020812,19879,RU0009024277,B,114817000,9879,0,480,500,,
20020812,19907,RU0009024277,B,114822000,10382,1,484,2000,,
20020812,19909,RU0009024277,B,114822000,10382,2,484,200,29847803,483.7
20020812,19910,RU0009024277,S,114822000,10220,2,483.7,200,29847803,483.7
20020812,19911,RU0009024277,B,114822000,10382,2,484,100,29847804,483.7
20020812,19912,RU0009024277,S,114822000,10353,2,483.7,100,29847804,483.7
20020812,19913,RU0009024277,B,114822000,10382,2,484,2,29847805,483.99
20020812,19914,RU0009024277,S,114822000,10144,2,483.99,2,29847805,483.99
20020812,19915,RU0009024277,B,114822000,10382,2,484,254,29847806,483.99
20020812,19916,RU0009024277,S,114822000,10360,2,483.99,254,29847806,483.99
20020812,19917,RU0009024277,B,114822000,10382,2,484,1444,29847807,484
20020812,19918,RU0009024277,S,114822000,2558,2,484,1444,29847807,484
20020812,19928,RU0009024277,S,114827000,2199,0,484.9,100,,
20020812,19951,RU0009024277,S,114832000,10403,1,484,10,,
20020812,19953,RU0009024277,S,114833000,10405,1,486.99,1000,,
20020812,19955,RU0009024277,S,114833000,10407,1,484.8,240,,
20020812,19977,RU0009024277,S,114840000,10423,1,483.99,10,,
20020812,19998,RU0009024277,S,114845000,10434,1,484.9,142,,
20020812,20012,RU0009024277,B,114848000,10440,1,0,50,,
20020812,20013,RU0009024277,B,114848000,10440,2,0,10,29847818,483.99
20020812,20014,RU0009024277,S,114848000,10423,2,483.99,10,29847818,483.99
20020812,20015,RU0009024277,B,114848000,10440,2,0,40,29847819,484
20020812,20016,RU0009024277,S,114848000,2558,2,484,40,29847819,484
20020812,20078,RU0009024277,S,114906000,10463,1,489.99,1000,,
20020812,20128,RU0009024277,B,114921000,10493,1,482.06,10,,
20020812,20135,RU0009024277,B,114923000,10496,1,484,200,,
20020812,20137,RU0009024277,B,114923000,10496,2,484,200,29847842,484
20020812,20138,RU0009024277,S,114923000,2558,2,484,200,29847842,484
20020812,20146,RU0009024277,B,114926000,9394,0,481,2,,
20020812,20178,RU0009024277,B,114931000,10506,1,484,2,,
20020812,20179,RU0009024277,B,114931000,10506,2,484,2,29847856,484
20020812,20180,RU0009024277,S,114931000,2558,2,484,2,29847856,484
20020812,20213,RU0009024277,B,114942000,2759,0,477,5000,,
20020812,20220,RU0009024277,S,114946000,10529,1,483.99,100,,
20020812,20228,RU0009024277,B,114950000,10533,1,482,5000,,
20020812,20252,RU0009024277,S,114957000,10547,1,494,50,,
20020812,20266,RU0009024277,B,114958000,10551,1,482.01,200,,
20020812,20267,RU0009024277,S,114959000,9387,0,484,200,,
20020812,20280,RU0009024277,S,115002000,10558,1,484.45,5,,
20020812,20399,RU0009024277,S,115017000,10591,1,483.5,200,,
20020812,20510,RU0009024277,B,115044000,10551,0,482.01,200,,
20020812,20622,RU0009024277,S,115105000,10405,0,486.99,1000,,
20020812,20644,RU0009024277,B,115108000,10690,1,475,80,,
20020812,20645,RU0009024277,B,115109000,10191,0,483,431,,
20020812,20665,RU0009024277,B,115113000,10702,1,482.01,50,,
20020812,20688,RU0009024277,B,115119000,10713,1,483,200,,
20020812,20770,RU0009024277,B,115135000,10226,0,480.55,1000,,
20020812,20860,RU0009024277,B,115155000,10792,1,483,1000,,
20020812,20884,RU0009024277,B,115157000,10802,1,482,50,,
20020812,20945,RU0009024277,S,115209000,10825,1,483.99,100,,
20020812,20981,RU0009024277,B,115221000,9898,0,479.12,500,,
20020812,21044,RU0009024277,S,115231000,10591,0,483.5,200,,
20020812,21057,RU0009024277,S,115234000,10873,1,484.7,200,,
20020812,21068,RU0009024277,B,115236000,10879,1,484,500,,
20020812,21070,RU0009024277,B,115236000,10879,2,484,100,29848035,483.99
20020812,21071,RU0009024277,S,115236000,10529,2,483.99,100,29848035,483.99
20020812,21072,RU0009024277,B,115236000,10879,2,484,100,29848036,483.99
20020812,21073,RU0009024277,S,115236000,10825,2,483.99,100,29848036,483.99
20020812,21074,RU0009024277,B,115236000,10879,2,484,300,29848037,484
20020812,21075,RU0009024277,S,115236000,2558,2,484,300,29848037,484
20020812,21084,RU0009024277,S,115238000,10884,1,483.98,200,,
20020812,21103,RU0009024277,S,115242000,10896,1,483.97,200,,
20020812,21155,RU0009024277,S,115250000,10917,1,484.7,250,,
20020812,21184,RU0009024277,S,115257000,10928,1,483.9,200,,
20020812,21187,RU0009024277,S,115258000,10884,0,483.98,200,,
20020812,21207,RU0009024277,S,115301000,10939,1,483.9,200,,
20020812,21268,RU0009024277,B,115311000,10970,1,478,15,,
20020812,21270,RU0009024277,S,115312000,4788,0,484.45,20,,
20020812,21292,RU0009024277,S,115316000,10982,1,484.7,50,,
20020812,21300,RU0009024277,S,115317000,10939,0,483.9,200,,
20020812,21347,RU0009024277,B,115322000,10533,0,482,5000,,
20020812,21364,RU0009024277,B,115325000,11005,1,481,5000,,
20020812,21482,RU0009024277,S,115333000,10928,0,483.9,200,,
20020812,21502,RU0009024277,B,115337000,9927,0,482.02,20,,
20020812,21513,RU0009024277,B,115338000,9964,0,482.05,2,,
20020812,21515,RU0009024277,B,115338000,9950,0,482.04,2,,
20020812,21516,RU0009024277,B,115338000,9941,0,482.03,2,,
20020812,21524,RU0009024277,B,115339000,9981,0,482.06,2,,
20020812,21555,RU0009024277,B,115344000,10044,0,480.55,150,,
20020812,21570,RU0009024277,S,115348000,11076,1,483,200,,
20020812,21572,RU0009024277,B,115348000,10713,2,483,200,29848127,483
20020812,21573,RU0009024277,S,115348000,11076,2,483,200,29848127,483
20020812,21576,RU0009024277,B,115349000,10302,0,481.06,150,,
20020812,21581,RU0009024277,S,115350000,10407,0,484.8,240,,
20020812,21582,RU0009024277,B,115350000,10328,0,480.8,120,,
20020812,21584,RU0009024277,S,115351000,10434,0,484.9,142,,
20020812,21607,RU0009024277,S,115358000,10896,0,483.97,200,,
20020812,21630,RU0009024277,S,115404000,11103,1,484.9,240,,
20020812,21644,RU0009024277,B,115409000,10802,0,482,50,,
20020812,21679,RU0009024277,B,115424000,11133,1,482.01,50,,
20020812,21710,RU0009024277,B,115442000,11155,1,481.01,50,,
20020812,21770,RU0009024277,S,115503000,11182,1,484,513,,
20020812,21816,RU0009024277,B,115515000,10702,0,482.01,50,,
20020812,21857,RU0009024277,S,115528000,11226,1,486.7,250,,
20020812,21859,RU0009024277,B,115529000,11228,1,470,100,,
20020812,22024,RU0009024277,S,115557000,11289,1,486.7,200,,
20020812,22033,RU0009024277,S,115559000,11103,0,484.9,240,,
20020812,22064,RU0009024277,S,115604000,11312,1,485.9,240,,
20020812,22220,RU0009024277,B,115619000,11364,1,453,100,,
20020812,22233,RU0009024277,S,115620000,1810,0,484.98,50,,
20020812,22239,RU0009024277,B,115621000,11372,1,485.88,30,,
20020812,22248,RU0009024277,B,115621000,11372,2,485.88,30,29848247,484
20020812,22249,RU0009024277,S,115621000,2558,2,484,30,29848247,484
20020812,22432,RU0009024277,B,115630000,11425,1,484,1000,,
20020812,22436,RU0009024277,B,115630000,11425,2,484,792,29848306,484
20020812,22437,RU0009024277,S,115630000,2558,2,484,792,29848306,484
20020812,22438,RU0009024277,B,115630000,11425,2,484,11,29848307,484
20020812,22439,RU0009024277,S,115630000,4753,2,484,11,29848307,484
20020812,22440,RU0009024277,B,115630000,11425,2,484,10,29848308,484
20020812,22441,RU0009024277,S,115630000,10403,2,484,10,29848308,484
20020812,22442,RU0009024277,B,115630000,11425,2,484,187,29848309,484
20020812,22443,RU0009024277,S,115630000,11182,2,484,187,29848309,484
20020812,22447,RU0009024277,B,115631000,11427,1,484,450,,
20020812,22448,RU0009024277,B,115631000,11428,1,482.07,150,,
20020812,22450,RU0009024277,B,115631000,11427,2,484,326,29848311,484
20020812,22451,RU0009024277,S,115631000,11182,2,484,326,29848311,484
20020812,22452,RU0009024277,S,115632000,10873,0,484.7,200,,
20020812,22465,RU0009024277,B,115633000,11433,1,484,1326,,
20020812,22492,RU0009024277,S,115636000,10917,0,484.7,250,,
20020812,22503,RU0009024277,S,115637000,10982,0,484.7,50,,
20020812,22514,RU0009024277,B,115638000,11433,0,484,1326,,
20020812,22526,RU0009024277,B,115639000,11456,1,484.95,5000,,
20020812,22527,RU0009024277,S,115639000,11457,1,484,4,,
20020812,22530,RU0009024277,B,115639000,11456,2,484.95,5,29848331,484.45
20020812,22531,RU0009024277,S,115639000,10558,2,484.45,5,29848331,484.45
20020812,22532,RU0009024277,B,115639000,11456,2,484.95,10,29848332,484.9
20020812,22533,RU0009024277,S,115639000,7352,2,484.9,10,29848332,484.9
20020812,22534,RU0009024277,B,115639000,11456,2,484.95,4985,29848333,484.95
20020812,22535,RU0009024277,S,115639000,10363,2,484.95,4985,29848333,484.95
20020812,22536,RU0009024277,B,115639000,11427,2,484,4,29848334,484
20020812,22537,RU0009024277,S,115639000,11457,2,484,4,29848334,484
20020812,22580,RU0009024277,B,115643000,11481,1,437,200,,
20020812,22629,RU0009024277,S,115648000,2727,0,486.99,2000,,
20020812,22648,RU0009024277,B,115650000,11504,1,482.07,1000,,
20020812,22723,RU0009024277,S,115656000,11312,0,485.9,240,,
20020812,22745,RU0009024277,B,115658000,11428,0,482.07,150,,
20020812,22748,RU0009024277,S,115658000,11537,1,485.9,250,,
20020812,22847,RU0009024277,S,115709000,11575,1,486.65,50,,
20020812,22849,RU0009024277,B,115709000,11577,1,482.08,150,,
20020812,22868,RU0009024277,B,115712000,11585,1,485.88,200,,
20020812,22876,RU0009024277,B,115712000,11585,2,485.88,15,29848416,484.95
20020812,22877,RU0009024277,S,115712000,10363,2,484.95,15,29848416,484.95
20020812,22878,RU0009024277,B,115712000,11585,2,485.88,100,29848417,485
20020812,22879,RU0009024277,S,115712000,4751,2,485,100,29848417,485
20020812,22880,RU0009024277,B,115712000,11585,2,485.88,36,29848418,485
20020812,22881,RU0009024277,S,115712000,5710,2,485,36,29848418,485
20020812,22882,RU0009024277,B,115712000,11585,2,485.88,49,29848419,485.88
20020812,22883,RU0009024277,S,115712000,10298,2,485.88,49,29848419,485.88
20020812,22900,RU0009024277,S,115714000,11595,1,486.7,50,,
20020812,22936,RU0009024277,B,115716000,11427,0,484,120,,
20020812,22958,RU0009024277,B,115718000,11615,1,483.01,100,,
20020812,22986,RU0009024277,S,115721000,11627,1,485.88,300,,
20020812,23021,RU0009024277,B,115726000,11645,1,484,500,,
20020812,23049,RU0009024277,B,115729000,11662,1,484.01,100,,
20020812,23080,RU0009024277,B,115735000,11678,1,483,1000,,
20020812,23119,RU0009024277,S,115739000,11692,1,486.99,10,,
20020812,23171,RU0009024277,B,115743000,11707,1,484.01,70,,
20020812,23177,RU0009024277,S,115744000,11537,0,485.9,250,,
20020812,23214,RU0009024277,S,115748000,11721,1,486,250,,
20020812,23219,RU0009024277,S,115750000,10298,0,485.88,71,,
20020812,23224,RU0009024277,S,115751000,11728,1,485.87,20,,
20020812,23234,RU0009024277,S,115752000,11627,0,485.88,300,,
20020812,23272,RU0009024277,B,115755000,11133,0,482.01,50,,
20020812,23287,RU0009024277,B,115757000,11615,0,483.01,100,,
20020812,23300,RU0009024277,S,115758000,11753,1,486.65,50,,
20020812,23303,RU0009024277,S,115759000,11756,1,486.65,300,,
20020812,23349,RU0009024277,S,115802000,11773,1,485.85,2490,,
20020812,23373,RU0009024277,B,115804000,11778,1,485.87,80,,
20020812,23375,RU0009024277,B,115804000,11778,2,485.87,80,29848538,485.85
20020812,23376,RU0009024277,S,115804000,11773,2,485.85,80,29848538,485.85
20020812,23419,RU0009024277,B,115807000,11789,1,489,30,,
20020812,23420,RU0009024277,S,115807000,11790,1,485.87,20,,
20020812,23429,RU0009024277,B,115807000,11789,2,489,30,29848557,485.85
20020812,23430,RU0009024277,S,115807000,11773,2,485.85,30,29848557,485.85
20020812,23432,RU0009024277,S,115808000,11728,0,485.87,20,,
20020812,23490,RU0009024277,S,115813000,11811,1,485.84,30,,
20020812,23516,RU0009024277,B,115815000,11823,1,487,100,,
20020812,23523,RU0009024277,B,115815000,11823,2,487,30,29848582,485.84
20020812,23524,RU0009024277,S,115815000,11811,2,485.84,30,29848582,485.84
20020812,23525,RU0009024277,B,115815000,11823,2,487,70,29848583,485.85
20020812,23526,RU0009024277,S,115815000,11773,2,485.85,70,29848583,485.85
20020812,23645,RU0009024277,S,115831000,11887,1,495,5000,,
20020812,23660,RU0009024277,B,115832000,11893,1,484.02,30,,
20020812,23664,RU0009024277,B,115833000,11897,1,484.05,200,,
20020812,23670,RU0009024277,B,115833000,11897,0,484.05,200,,
20020812,23711,RU0009024277,B,115838000,11645,0,484,500,,
20020812,23713,RU0009024277,S,115838000,11922,1,491,110,,
20020812,23723,RU0009024277,B,115840000,11926,1,485,3000,,
20020812,23759,RU0009024277,S,115845000,11942,1,485.5,19,,
20020812,23760,RU0009024277,S,115846000,11790,0,485.87,20,,
20020812,23763,RU0009024277,B,115846000,11944,1,486,50,,
20020812,23767,RU0009024277,B,115846000,11944,2,486,19,29848630,485.5
20020812,23768,RU0009024277,S,115846000,11942,2,485.5,19,29848630,485.5
20020812,23769,RU0009024277,B,115846000,11944,2,486,31,29848631,485.85
20020812,23770,RU0009024277,S,115846000,11773,2,485.85,31,29848631,485.85
20020812,23814,RU0009024277,B,115852000,11926,0,485,3000,,
20020812,23842,RU0009024277,S,115855000,11975,1,486.99,250,,
20020812,23909,RU0009024277,S,115902000,12004,1,485.84,20,,
20020812,23929,RU0009024277,S,115905000,12013,1,486.98,240,,
20020812,23985,RU0009024277,S,115912000,12037,1,485.83,99,,
20020812,23999,RU0009024277,S,115915000,12046,1,486,15,,
20020812,24001,RU0009024277,B,115916000,11707,0,484.01,70,,
20020812,24008,RU0009024277,S,115917000,11922,0,491,110,,
20020812,24026,RU0009024277,B,115920000,12061,1,484.02,70,,
20020812,24056,RU0009024277,S,115923000,12075,1,491,105,,
20020812,24091,RU0009024277,B,115928000,12095,1,485.85,1000,,
20020812,24094,RU0009024277,B,115928000,12095,2,485.85,99,29848696,485.83
20020812,24095,RU0009024277,S,115928000,12037,2,485.83,99,29848696,485.83
20020812,24096,RU0009024277,B,115928000,12095,2,485.85,20,29848697,485.84
20020812,24097,RU0009024277,S,115928000,12004,2,485.84,20,29848697,485.84
20020812,24098,RU0009024277,B,115928000,12095,2,485.85,881,29848698,485.85
20020812,24099,RU0009024277,S,115928000,11773,2,485.85,881,29848698,485.85
20020812,24129,RU0009024277,B,115934000,12114,1,484.03,100,,
20020812,24160,RU0009024277,B,115938000,12130,1,484.04,100,,
20020812,24225,RU0009024277,S,115953000,12161,1,486.94,50,,
20020812,24267,RU0009024277,S,120001000,12187,1,487.94,50,,
20020812,24292,RU0009024277,S,120007000,12197,1,485.84,40,,
20020812,24393,RU0009024277,B,120017000,12229,1,485.84,30,,
20020812,24396,RU0009024277,B,120017000,12229,2,485.84,30,29848762,485.84
20020812,24397,RU0009024277,S,120017000,12197,2,485.84,30,29848762,485.84
20020812,24435,RU0009024277,S,120020000,12249,1,485.5,300,,
20020812,24471,RU0009024277,S,120024000,12266,1,485.84,40,,
20020812,24476,RU0009024277,B,120026000,12271,1,483.01,500,,
20020812,24478,RU0009024277,S,120027000,3795,0,488.95,1000,,
20020812,24480,RU0009024277,S,120027000,12273,1,486.65,5,,
20020812,24517,RU0009024277,B,120029000,11893,0,484.02,30,,
20020812,24518,RU0009024277,B,120029000,12061,0,484.02,70,,
20020812,24538,RU0009024277,S,120031000,12291,1,495,1000,,
20020812,24550,RU0009024277,B,120032000,12292,1,484.05,30,,
20020812,24581,RU0009024277,S,120036000,12307,1,489.8,100,,
20020812,24592,RU0009024277,B,120037000,1629,0,474.01,1000,,
20020812,24595,RU0009024277,S,120037000,12314,1,500,50,,
20020812,24603,RU0009024277,S,120038000,12316,1,485.5,300,,
20020812,24622,RU0009024277,S,120040000,12323,1,497,1940,,
20020812,24630,RU0009024277,B,120041000,12325,1,485.5,300,,
20020812,24633,RU0009024277,B,120041000,12325,2,485.5,300,29848814,485.5
20020812,24634,RU0009024277,S,120041000,12249,2,485.5,300,29848814,485.5
20020812,24658,RU0009024277,B,120043000,12334,1,461.01,1000,,
20020812,24667,RU0009024277,S,120044000,12340,1,485.5,250,,
20020812,24676,RU0009024277,B,120045000,12344,1,485.5,300,,
20020812,24683,RU0009024277,B,120045000,12344,2,485.5,300,29848826,485.5
20020812,24684,RU0009024277,S,120045000,12316,2,485.5,300,29848826,485.5
20020812,24714,RU0009024277,S,120048000,12356,1,492.8,100,,
20020812,24716,RU0009024277,B,120048000,12358,1,484.99,4000,,
20020812,24763,RU0009024277,S,120053000,12383,1,485.5,15,,
20020812,24770,RU0009024277,B,120055000,12387,1,485.5,250,,
20020812,24778,RU0009024277,B,120055000,12387,2,485.5,250,29848843,485.5
20020812,24779,RU0009024277,S,120055000,12340,2,485.5,250,29848843,485.5
20020812,24812,RU0009024277,B,120056000,2985,0,478.1,200,,
20020812,24814,RU0009024277,S,120056000,11975,0,486.99,250,,
20020812,24826,RU0009024277,S,120058000,12013,0,486.98,240,,
20020812,24827,RU0009024277,S,120058000,12402,1,485.49,10,,
20020812,24880,RU0009024277,S,120100000,11753,0,486.65,50,,
20020812,24954,RU0009024277,S,120104000,11575,0,486.65,50,,
20020812,24965,RU0009024277,S,120105000,11773,0,485.85,1398,,
20020812,25005,RU0009024277,S,120108000,12452,1,485.83,850,,
20020812,25027,RU0009024277,S,120109000,12467,1,486.5,1398,,
20020812,25078,RU0009024277,B,120113000,12483,1,484,1000,,
20020812,25112,RU0009024277,S,120116000,11756,0,486.65,300,,
20020812,25129,RU0009024277,S,120119000,12512,1,486.65,30,,
20020812,25131,RU0009024277,S,120119000,12514,1,486.65,200,,
20020812,25135,RU0009024277,B,120120000,12516,1,485,100,,
20020812,25170,RU0009024277,B,120123000,12534,1,485.83,300,,
20020812,25181,RU0009024277,B,120123000,12534,2,485.83,10,29848957,485.49
20020812,25182,RU0009024277,S,120123000,12402,2,485.49,10,29848957,485.49
20020812,25183,RU0009024277,B,120123000,12534,2,485.83,15,29848958,485.5
20020812,25184,RU0009024277,S,120123000,12383,2,485.5,15,29848958,485.5
20020812,25185,RU0009024277,B,120123000,12534,2,485.83,275,29848959,485.83
20020812,25186,RU0009024277,S,120123000,12452,2,485.83,275,29848959,485.83
20020812,25216,RU0009024277,S,120127000,12545,1,487,5000,,
20020812,25243,RU0009024277,S,120130000,12561,1,497,200,,
20020812,25245,RU0009024277,B,120130000,12563,1,485,30,,
20020812,25261,RU0009024277,S,120133000,12573,1,487.9,300,,
20020812,25294,RU0009024277,B,120137000,12590,1,0,50,,
20020812,25295,RU0009024277,B,120137000,12590,2,0,50,29848978,485.83
20020812,25296,RU0009024277,S,120137000,12452,2,485.83,50,29848978,485.83
20020812,25300,RU0009024277,S,120138000,12591,1,488.88,30,,
20020812,25327,RU0009024277,B,120143000,11577,0,482.08,150,,
20020812,25380,RU0009024277,S,120147000,12629,1,485.8,1000,,
20020812,25398,RU0009024277,S,120151000,12452,0,485.83,525,,
20020812,25406,RU0009024277,S,120154000,12643,1,485.79,525,,
20020812,25430,RU0009024277,B,120157000,12658,1,485,500,,
20020812,25440,RU0009024277,B,120200000,3042,0,470,300,,
20020812,25446,RU0009024277,B,120201000,12669,1,475,300,,
20020812,25467,RU0009024277,S,120205000,12680,1,485.75,5,,
20020812,25482,RU0009024277,S,120209000,12629,0,485.8,1000,,
20020812,25483,RU0009024277,S,120209000,12046,0,486,15,,
20020812,25493,RU0009024277,B,120211000,12694,1,482.5,5000,,
20020812,25503,RU0009024277,S,120214000,12698,1,485,1000,,
20020812,25504,RU0009024277,B,120214000,12516,2,485,100,29849006,485
20020812,25505,RU0009024277,S,120214000,12698,2,485,100,29849006,485
20020812,25506,RU0009024277,B,120214000,12563,2,485,30,29849007,485
20020812,25507,RU0009024277,S,120214000,12698,2,485,30,29849007,485
20020812,25508,RU0009024277,B,120214000,12658,2,485,500,29849008,485
20020812,25509,RU0009024277,S,120214000,12698,2,485,500,29849008,485
20020812,25513,RU0009024277,S,120215000,12701,1,487.5,300,,
20020812,25579,RU0009024277,B,120227000,12730,1,485,1000,,
20020812,25582,RU0009024277,B,120227000,12730,2,485,370,29849023,485
20020812,25583,RU0009024277,S,120227000,12698,2,485,370,29849023,485
20020812,25588,RU0009024277,S,120230000,12735,1,485.75,15,,
20020812,25637,RU0009024277,S,120234000,12467,0,486.5,1398,,
20020812,25654,RU0009024277,B,120235000,12759,1,485.01,30,,
20020812,25696,RU0009024277,S,120241000,12775,1,484.99,1398,,
20020812,25697,RU0009024277,B,120241000,12759,2,485.01,30,29849053,485.01
20020812,25698,RU0009024277,S,120241000,12775,2,484.99,30,29849053,485.01
20020812,25699,RU0009024277,B,120241000,12730,2,485,630,29849054,485
20020812,25700,RU0009024277,S,120241000,12775,2,484.99,630,29849054,485
20020812,25701,RU0009024277,B,120241000,12358,2,484.99,738,29849055,484.99
20020812,25702,RU0009024277,S,120241000,12775,2,484.99,738,29849055,484.99
20020812,25716,RU0009024277,S,120243000,12779,1,517,150,,
20020812,25741,RU0009024277,B,120244000,12292,0,484.05,30,,
20020812,25771,RU0009024277,B,120248000,12799,1,485,100,,
20020812,25772,RU0009024277,S,120248000,12800,1,493.1,200,,
20020812,25797,RU0009024277,S,120253000,12811,1,485.75,500,,
20020812,25865,RU0009024277,S,120301000,12837,1,485.78,20,,
20020812,25869,RU0009024277,S,120303000,12643,0,485.79,525,,
20020812,25875,RU0009024277,S,120304000,12842,1,499.7,200,,
20020812,25878,RU0009024277,S,120305000,12837,0,485.78,20,,
20020812,25881,RU0009024277,S,120305000,12847,1,485.73,525,,
20020812,25896,RU0009024277,B,120308000,12358,0,484.99,3262,,
20020812,25907,RU0009024277,B,120311000,12799,0,485,100,,
20020812,25930,RU0009024277,S,120315000,12873,1,485.7,100,,
20020812,25931,RU0009024277,B,120315000,12874,1,486,60,,
20020812,25932,RU0009024277,B,120315000,12874,2,486,60,29849103,485.7
20020812,25933,RU0009024277,S,120315000,12873,2,485.7,60,29849103,485.7
20020812,25960,RU0009024277,S,120321000,12887,1,485.73,30,,
20020812,25976,RU0009024277,B,120323000,10278,0,482.06,20,,
20020812,25984,RU0009024277,B,120326000,12483,0,484,1000,,
20020812,26006,RU0009024277,S,120332000,12911,1,485.87,2000,,
20020812,26009,RU0009024277,S,120333000,12266,0,485.84,40,,
20020812,26019,RU0009024277,S,120335000,12811,0,485.75,500,,
20020812,26026,RU0009024277,B,120336000,12923,1,484.05,99,,
20020812,26027,RU0009024277,B,120336000,12924,1,484.05,20,,
20020812,26075,RU0009024277,B,120347000,12947,1,485.7,10,,
20020812,26080,RU0009024277,B,120347000,12952,1,484.49,3262,,
20020812,26081,RU0009024277,B,120347000,12947,2,485.7,10,29849123,485.7
20020812,26082,RU0009024277,S,120347000,12873,2,485.7,10,29849123,485.7
20020812,26114,RU0009024277,S,120350000,12961,1,485.7,40,,
20020812,26115,RU0009024277,S,120350000,12962,1,485.7,10,,
20020812,26116,RU0009024277,B,120351000,12924,0,484.05,20,,
20020812,26133,RU0009024277,B,120353000,12968,1,484.08,150,,
20020812,26158,RU0009024277,B,120357000,12982,1,485,100,,
20020812,26191,RU0009024277,S,120406000,12995,1,500,80,,
20020812,26214,RU0009024277,B,120408000,13003,1,485.7,2000,,
20020812,26217,RU0009024277,B,120408000,13003,2,485.7,30,29849155,485.7
20020812,26218,RU0009024277,S,120408000,12873,2,485.7,30,29849155,485.7
20020812,26219,RU0009024277,B,120408000,13003,2,485.7,40,29849156,485.7
20020812,26220,RU0009024277,S,120408000,12961,2,485.7,40,29849156,485.7
20020812,26221,RU0009024277,B,120408000,13003,2,485.7,10,29849157,485.7
20020812,26222,RU0009024277,S,120408000,12962,2,485.7,10,29849157,485.7
20020812,26256,RU0009024277,S,120416000,13024,1,486.99,200,,
20020812,26264,RU0009024277,B,120420000,13031,1,485.87,300,,
20020812,26265,RU0009024277,B,120420000,13031,2,485.87,300,29849163,485.73
20020812,26266,RU0009024277,S,120420000,12847,2,485.73,300,29849163,485.73
20020812,26268,RU0009024277,B,120421000,10001,0,481,20,,
20020812,26281,RU0009024277,B,120424000,13043,1,485,20,,
20020812,26282,RU0009024277,S,120425000,12514,0,486.65,200,,
20020812,26283,RU0009024277,S,120425000,12911,0,485.87,2000,,
20020812,26296,RU0009024277,S,120426000,12847,0,485.73,225,,
20020812,26301,RU0009024277,S,120427000,11721,0,486,250,,
20020812,26304,RU0009024277,S,120428000,13053,1,485.7,225,,
20020812,26307,RU0009024277,S,120428000,13056,1,485.7,10,,
20020812,26308,RU0009024277,B,120428000,13003,2,485.7,225,29849165,485.7
20020812,26309,RU0009024277,S,120428000,13053,2,485.7,225,29849165,485.7
20020812,26310,RU0009024277,B,120428000,13003,2,485.7,10,29849166,485.7
20020812,26311,RU0009024277,S,120428000,13056,2,485.7,10,29849166,485.7
20020812,26319,RU0009024277,S,120430000,13061,1,486.7,2000,,
20020812,26339,RU0009024277,S,120431000,13065,1,486.94,200,,
20020812,26346,RU0009024277,B,120432000,13069,1,485.73,250,,
20020812,26350,RU0009024277,B,120432000,13069,2,485.73,30,29849175,485.73
20020812,26351,RU0009024277,S,120432000,12887,2,485.73,30,29849175,485.73
20020812,26354,RU0009024277,S,120433000,13074,1,485.7,250,,
